,brand,name,price,n_of_reviews,n_of_loves,review_score,size,clean_product,category_Anti-Aging,category_BB_&_CC_Cream,category_Bath_&_Shower,category_Beauty_Supplements,category_Blemish_&_Acne_Treatments,category_Blotting_Papers,category_Body_Lotions_&_Body_Oils,category_Cellulite_&_Stretch_Marks,category_Decollete_&_Neck_Creams,category_Exfoliators,category_Eye_Creams_&_Treatments,category_Eye_Masks,category_Face_Masks,category_Face_Oils,category_Face_Primer,category_Face_Serums,category_Face_Sunscreen,category_Face_Wash_&_Cleansers,category_Facial_Peels,category_Foundation,category_Hair_Oil,category_Highlighter,category_Holistic_Wellness,category_Mini_Size,category_Mists_&_Essences,category_Moisturizer_&_Treatments,category_Moisturizers,category_Night_Creams,category_Setting_Spray_&_Powder,category_Sheet_Masks,category_Skincare,category_Tinted_Moisturizer,category_Toners,category_Tools,category_Value_&_Gift_Sets,reviews_to_loves_ratio,return_on_reviews,price_per_ounce
0,Drunk Elephant,Protini Polypeptide Moisturizer,68.0,1000,136008,4.2097,1.69,1,0,0,0,0,0,0,0,0,0,0,0,0,0,0,0,0,0,0,0,0,0,0,0,0,0,0,1,0,0,0,0,0,0,0,0,0.74,0.42,40.24
1,La Mer,Crreme de la Mer,175.0,493,61648,4.0974,1.0,0,0,0,0,0,0,0,0,0,0,0,0,0,0,0,0,0,0,0,0,0,0,0,0,0,0,0,1,0,0,0,0,0,0,0,0,0.8,0.83,175.0
2,IT Cosmetics,CC+ Cream with SPF 50+,39.0,2000,188389,4.0403,1.08,0,0,1,0,0,0,0,0,0,0,0,0,0,0,0,0,0,0,0,0,0,0,0,0,0,0,0,0,0,0,0,0,0,0,0,0,1.06,0.2,36.11
3,Tatcha,The Water Cream,68.0,1000,149323,4.2447,1.7,1,0,0,0,0,0,0,0,0,0,0,0,0,0,0,0,0,0,0,0,0,0,0,0,0,0,0,1,0,0,0,0,0,0,0,0,0.67,0.42,40.0
4,SK-II,Facial Treatment Essence,179.0,788,68880,4.0622,,0,0,0,0,0,0,0,0,0,0,0,0,0,0,0,0,0,0,0,0,0,0,0,0,0,1,0,0,0,0,0,0,0,0,0,0,1.14,0.52,
5,Drunk Elephant,Lala Retro Whipped Moisturizer,60.0,1000,103949,4.2228,1.69,1,0,0,0,0,0,0,0,0,0,0,0,0,0,0,0,0,0,0,0,0,0,0,0,0,0,0,1,0,0,0,0,0,0,0,0,0.96,0.42,35.5
6,Tatcha,The Dewy Skin Cream,68.0,222,31907,4.3694,1.7,1,0,0,0,0,0,0,0,0,0,0,0,0,0,0,0,0,0,0,0,0,0,0,0,0,0,0,1,0,0,0,0,0,0,0,0,0.7,1.97,40.0
7,Drunk Elephant,Virgin Marula Luxury Facial Oil,72.0,1000,117305,4.4188,1.0,1,0,0,0,0,0,0,0,0,0,0,0,0,0,1,0,0,0,0,0,0,0,0,0,0,0,0,0,0,0,0,0,0,0,0,0,0.85,0.44,72.0
8,The Ordinary,Hyaluronic Acid 2% + B5,6.8,501,84567,4.1896,1.0,0,0,0,0,0,0,0,0,0,0,0,0,0,0,0,0,1,0,0,0,0,0,0,0,0,0,0,0,0,0,0,0,0,0,0,0,0.59,0.84,6.8
9,Kiehl's Since 1851,Ultra Facial Cream,30.0,756,60343,4.3915,1.7,0,0,0,0,0,0,0,0,0,0,0,0,0,0,0,0,0,0,0,0,0,0,0,0,0,0,0,1,0,0,0,0,0,0,0,0,1.25,0.58,17.65
10,belif,The True Cream Aqua Bomb,38.0,3000,142491,4.4863,1.68,0,0,0,0,0,0,0,0,0,0,0,0,0,0,0,0,0,0,0,0,0,0,0,0,0,0,0,1,0,0,0,0,0,0,0,0,2.11,0.15,22.62
11,IT Cosmetics,Your Skin But Better CC+ Kit! Pick Your CC+ & Drop IT In,40.0,15,7769,4.3333,,0,0,0,0,0,0,0,0,0,0,0,0,0,0,0,0,0,0,0,0,0,0,0,0,0,0,0,0,0,0,0,0,0,0,0,1,0.19,28.89,
12,bareMinerals,COMPLEXION RESCUE‚ Tinted Moisturizer Broad Spectrum SPF 30,32.0,2000,120569,3.9608,,0,0,1,0,0,0,0,0,0,0,0,0,0,0,0,0,0,0,0,0,0,0,0,0,0,0,0,0,0,0,0,0,0,0,0,0,1.66,0.2,
13,SEPHORA COLLECTION,Sleeping Mask,4.0,1000,193307,4.2452,0.27,0,0,0,0,0,0,0,0,0,0,0,0,0,1,0,0,0,0,0,0,0,0,0,0,0,0,0,0,0,0,0,0,0,0,0,0,0.52,0.42,14.81
14,belif,The True Cream Moisturizing Bomb,38.0,1000,72877,4.5539,1.68,0,0,0,0,0,0,0,0,0,0,0,0,0,0,0,0,0,0,0,0,0,0,0,0,0,0,0,1,0,0,0,0,0,0,0,0,1.37,0.46,22.62
15,The Ordinary,100% Organic Cold-Pressed Rose Hip Seed Oil,9.8,358,65034,4.4581,1.0,0,0,0,0,0,0,0,0,0,0,0,0,0,0,1,0,0,0,0,0,0,0,0,0,0,0,0,0,0,0,0,0,0,0,0,0,0.55,1.25,9.8
16,La Mer,The Moisturizing Soft Cream,175.0,179,21388,3.8436,1.0,0,0,0,0,0,0,0,0,0,0,0,0,0,0,0,0,0,0,0,0,0,0,0,0,0,0,0,1,0,0,0,0,0,0,0,0,0.84,2.15,175.0
17,Fresh,Lotus Youth Preserve Moisturizer,46.0,2000,119862,4.2875,1.6,0,0,0,0,0,0,0,0,0,0,0,0,0,0,0,0,0,0,0,0,0,0,0,0,0,0,0,1,0,0,0,0,0,0,0,0,1.67,0.21,28.75
18,Farmacy,HONEYMOON GLOW AHA Resurfacing Night Serum with Hydrating Honey + Gentle Flower Acids,58.0,516,58631,4.5426,1.0,0,0,0,0,0,0,0,0,0,0,0,0,0,0,0,0,0,0,0,0,0,0,0,0,0,0,0,0,1,0,0,0,0,0,0,0,0.88,0.88,58.0
19,IT Cosmetics,CC+ Cream Oil-Free Matte with SPF 40,39.0,857,40767,3.8985,1.08,0,0,1,0,0,0,0,0,0,0,0,0,0,0,0,0,0,0,0,0,0,0,0,0,0,0,0,0,0,0,0,0,0,0,0,0,2.1,0.45,36.11
20,CLINIQUE,Moisture Surge 72-Hour Auto-Replenishing Hydrator,39.0,740,51950,4.3703,1.7,0,0,0,0,0,0,0,0,0,0,0,0,0,0,0,0,0,0,0,0,0,0,0,0,0,0,0,1,0,0,0,0,0,0,0,0,1.42,0.59,22.94
21,First Aid Beauty,Ultra Repair-Cream Intense Hydration,32.0,6000,144337,4.5827,6.0,0,0,0,0,0,0,0,0,0,0,0,0,0,0,0,0,0,0,0,0,0,0,0,0,0,0,0,1,0,0,0,0,0,0,0,0,4.16,0.08,5.33
22,OLEHENRIKSEN,"C-Rush, Vitamin C Gel Moisturizer",45.0,2000,38496,4.5275,1.7,0,0,0,0,0,0,0,0,0,0,0,0,0,0,0,0,0,0,0,0,0,0,0,0,0,0,0,1,0,0,0,0,0,0,0,0,5.2,0.23,26.47
23,IT Cosmetics,Your Skin But Better‚ CC+Illumination‚  Cream with SPF 50+,39.0,455,38337,3.811,1.08,0,0,1,0,0,0,0,0,0,0,0,0,0,0,0,0,0,0,0,0,0,0,0,0,0,0,0,0,0,0,0,0,0,0,0,0,1.19,0.84,36.11
24,Fresh,Rose Deep Hydration Moisturizer,42.0,969,73660,4.3375,1.6,0,0,0,0,0,0,0,0,0,0,0,0,0,0,0,0,0,0,0,0,0,0,0,0,0,0,0,1,0,0,0,0,0,0,0,0,1.32,0.45,26.25
25,Supergoop!,Everyday Sunscreen Broad Spectrum SPF 50,19.0,388,30550,4.3196,2.4,1,0,0,0,0,0,0,0,0,0,0,0,0,0,0,0,0,1,0,0,0,0,0,0,0,0,0,0,0,0,0,0,0,0,0,0,1.27,1.11,7.92
26,Tatcha,Pure One Step Camellia Oil Cleanser,48.0,1000,72453,4.5224,5.1,1,0,0,0,0,0,0,0,0,0,0,0,0,0,1,0,0,0,0,0,0,0,0,0,0,0,0,0,0,0,0,0,0,0,0,0,1.38,0.45,9.41
27,Tatcha,Luminous Dewy Skin Mist,48.0,1000,138462,3.9479,1.35,1,0,0,0,0,0,0,0,0,0,0,0,0,0,0,0,0,0,0,0,0,0,0,0,0,1,0,0,0,0,0,0,0,0,0,0,0.72,0.39,35.56
28,Dr. Jart+,Cicapair Tiger Grass Color Correcting Treatment SPF 30,52.0,1000,68346,4.2025,1.7,0,0,1,0,0,0,0,0,0,0,0,0,0,0,0,0,0,0,0,0,0,0,0,0,0,0,0,0,0,0,0,0,0,0,0,0,1.46,0.42,30.59
29,SUNDAY RILEY,Luna Retinol Sleeping Night Oil,105.0,1000,112116,4.1146,1.18,0,0,0,0,0,0,0,0,0,0,0,0,0,0,1,0,0,0,0,0,0,0,0,0,0,0,0,0,0,0,0,0,0,0,0,0,0.89,0.41,88.98
30,Kiehl's Since 1851,Midnight Recovery Concentrate,49.0,566,66439,4.3233,1.0,0,0,0,0,0,0,0,0,0,0,0,0,0,0,0,0,0,0,0,0,0,0,0,0,0,0,0,0,1,0,0,0,0,0,0,0,0.85,0.76,49.0
31,Glow Recipe,Watermelon Glow Ultra-Fine Mist,28.0,139,30693,4.4173,2.53,1,0,0,0,0,0,0,0,0,0,0,0,0,0,0,0,0,0,0,0,0,0,0,0,0,1,0,0,0,0,0,0,0,0,0,0,0.45,3.18,11.07
32,CLINIQUE,Dramatically Different Moisturizing Gel,28.0,3000,76158,4.4662,,0,0,0,0,0,0,0,0,0,0,0,0,0,0,0,0,0,0,0,0,0,0,0,0,0,0,0,1,0,0,0,0,0,0,0,0,3.94,0.15,
33,The Ordinary,Natural Moisturizing Factors + HA,5.8,276,36155,4.1594,1.0,0,0,0,0,0,0,0,0,0,0,0,0,0,0,0,0,1,0,0,0,0,0,0,0,0,0,0,0,0,0,0,0,0,0,0,0,0.76,1.51,5.8
34,SK-II,Facial Treatment Essence Mini,99.0,70,18195,3.9571,,0,0,0,0,0,0,0,0,0,0,0,0,0,0,0,0,0,0,0,0,0,0,0,0,0,1,0,0,0,0,0,0,0,0,0,0,0.38,5.65,
35,OLEHENRIKSEN,Sheer Transformation - Perfecting Moisturizer,40.0,2000,62322,4.2227,1.7,0,0,0,0,0,0,0,0,0,0,0,0,0,0,0,0,0,0,0,0,0,0,0,0,0,0,0,1,0,0,0,0,0,0,0,0,3.21,0.21,23.53
36,Caudalie,Vinoperfect Brightening Glycolic Overnight Cream,65.0,137,12438,4.8394,,1,0,0,0,0,0,0,0,0,0,0,0,0,0,0,0,0,0,0,0,0,0,0,0,0,0,0,0,1,0,0,0,0,0,0,0,1.1,3.53,
37,Supergoop!,CC Cream Daily Correct Broad Spectrum SPF 35+ Sunscreen,34.0,542,32289,4.3413,1.6,1,0,1,0,0,0,0,0,0,0,0,0,0,0,0,0,0,0,0,0,0,0,0,0,0,0,0,0,0,0,0,0,0,0,0,0,1.68,0.8,21.25
38,Tatcha,The Essence Plumping Skin Softener,95.0,1000,45534,4.5357,5.1,1,0,0,0,0,0,0,0,0,0,0,0,0,0,0,0,0,0,0,0,0,0,0,0,0,1,0,0,0,0,0,0,0,0,0,0,2.2,0.45,18.63
39,Caudalie,Beauty Elixir,18.0,3000,80381,4.2971,1.0,1,0,0,0,0,0,0,0,0,0,0,0,0,0,0,0,0,0,0,0,0,0,0,0,0,1,0,0,0,0,0,0,0,0,0,0,3.73,0.14,18.0
41,Erborian,CC Creme High Definition Radiance Face Cream Skin Perfector,44.0,513,33175,4.1111,1.5,0,0,1,0,0,0,0,0,0,0,0,0,0,0,0,0,0,0,0,0,0,0,0,0,0,0,0,0,0,0,0,0,0,0,0,0,1.55,0.8,29.33
42,Youth To The People,Superberry Hydrate + Glow Dream Mask,48.0,326,28972,4.7301,2.0,1,0,0,0,0,0,0,0,0,0,0,0,0,1,0,0,0,0,0,0,0,0,0,0,0,0,0,0,0,0,0,0,0,0,0,0,1.13,1.45,24.0
43,Dr. Jart+,Premium Beauty Balm SPF 45,39.0,2000,51471,4.2411,1.5,0,0,0,0,0,0,0,0,0,0,0,0,0,0,0,0,0,0,0,0,0,0,0,0,0,0,0,1,0,0,0,0,0,0,0,0,3.89,0.21,26.0
44,Charlotte Tilbury,Charlotte's Magic Cream,100.0,499,14067,4.2986,1.7,0,0,0,0,0,0,0,0,0,0,0,0,0,0,0,0,0,0,0,0,0,0,0,0,0,0,0,1,0,0,0,0,0,0,0,0,3.55,0.86,58.82
45,Fresh,Lotus Youth Preserve Dream Night Cream,48.0,208,24352,4.6538,1.6,0,0,0,0,0,0,0,0,0,0,0,0,0,0,0,0,0,0,0,0,0,0,0,0,0,0,0,1,0,0,0,0,0,0,0,0,0.85,2.24,30.0
46,LANEIGE,Water Sleeping Mask,25.0,1000,103268,4.3255,2.3,0,0,0,0,0,0,0,0,0,0,0,0,0,1,0,0,0,0,0,0,0,0,0,0,0,0,0,0,0,0,0,0,0,0,0,0,0.97,0.43,10.87
47,Bobbi Brown,Vitamin Enriched Face Base Priming Moisturizer,60.0,804,76177,4.5323,1.7,0,0,0,0,0,0,0,0,0,0,0,0,0,0,0,0,0,0,0,0,0,0,0,0,0,0,0,1,0,0,0,0,0,0,0,0,1.06,0.56,35.29
48,Josie Maran,100 percent Pure Argan Oil,49.0,7000,122161,4.5261,1.7,1,0,0,0,0,0,0,0,0,0,0,0,0,0,1,0,0,0,0,0,0,0,0,0,0,0,0,0,0,0,0,0,0,0,0,0,5.73,0.06,28.82
49,Origins,GinZing‚ Energy-Boosting Gel Moisturizer,29.5,2000,69203,4.4265,1.7,0,0,0,0,0,0,0,0,0,0,0,0,0,0,0,0,0,0,0,0,0,0,0,0,0,0,0,1,0,0,0,0,0,0,0,0,2.89,0.22,17.35
50,tarte,BB Tinted Treatment 12-Hour Primer Broad Spectrum SPF 30 Sunscreen,37.0,3000,95331,4.2684,1.0,0,0,1,0,0,0,0,0,0,0,0,0,0,0,0,0,0,0,0,0,0,0,0,0,0,0,0,0,0,0,0,0,0,0,0,0,3.15,0.14,37.0
51,CLINIQUE,Dramatically Different Moisturizing Lotion+,28.0,1000,67346,3.8784,4.2,0,0,0,0,0,0,0,0,0,0,0,0,0,0,0,0,0,0,0,0,0,0,0,0,0,0,0,1,0,0,0,0,0,0,0,0,1.48,0.39,6.67
52,Biossance,Squalane + Vitamin C Rose Oil,72.0,316,38037,4.3956,1.0,1,0,0,0,0,0,0,0,0,0,0,0,0,0,1,0,0,0,0,0,0,0,0,0,0,0,0,0,0,0,0,0,0,0,0,0,0.83,1.39,72.0
53,SUNDAY RILEY,U.F.O. Ultra-Clarifying Face Oil,80.0,1000,81319,4.1595,1.18,0,0,0,0,0,0,0,0,0,0,0,0,0,0,1,0,0,0,0,0,0,0,0,0,0,0,0,0,0,0,0,0,0,0,0,0,1.23,0.42,67.8
54,tarte,Amazonian Clay BB Tinted Moisturizer Broad Spectrum SPF 20 Sunscreen,36.0,2000,63423,4.2498,1.7,0,0,0,0,0,0,0,0,0,0,0,0,0,0,0,0,0,0,0,0,0,0,0,0,0,0,0,0,0,0,0,0,1,0,0,0,3.15,0.21,21.18
55,FARSALI,Unicorn Essence Antioxidant Primer Serum,54.0,1000,133987,3.8928,1.0,0,0,0,0,0,0,0,0,0,0,0,0,0,0,0,1,0,0,0,0,0,0,0,0,0,0,0,0,0,0,0,0,0,0,0,0,0.75,0.39,54.0
56,SUNDAY RILEY,C.E.O Glow Vitamin C + Turmeric Face Oil,40.0,100,10975,4.22,0.5,0,0,0,0,0,0,0,0,0,0,0,0,0,0,1,0,0,0,0,0,0,0,0,0,0,0,0,0,0,0,0,0,0,0,0,0,0.91,4.22,80.0
57,Origins,Dr. Andrew Weil For Origins‚ Mega-Mushroom Relief & Resilience Soothing Treatment Lotion,34.0,747,28741,4.3588,6.7,1,0,0,0,0,0,0,0,0,0,0,0,0,0,0,0,0,0,0,0,0,0,0,0,0,0,0,1,0,0,0,0,0,0,0,0,2.6,0.58,5.07
58,Peter Thomas Roth,Water Drench Hyaluronic Cloud Cream,52.0,888,32448,4.3513,1.7,0,0,0,0,0,0,0,0,0,0,0,0,0,0,0,0,0,0,0,0,0,0,0,0,0,0,0,1,0,0,0,0,0,0,0,0,2.74,0.49,30.59
59,SK-II,R.N.A. POWER Face Cream,230.0,104,9547,4.25,2.7,0,0,0,0,0,0,0,0,0,0,0,0,0,0,0,0,0,0,0,0,0,0,0,0,0,0,0,1,0,0,0,0,0,0,0,0,1.09,4.09,85.19
60,CLINIQUE,Acne Solutions BB Cream Broad Spectrum SPF 40,39.0,601,34736,4.1481,1.0,0,0,1,0,0,0,0,0,0,0,0,0,0,0,0,0,0,0,0,0,0,0,0,0,0,0,0,0,0,0,0,0,0,0,0,0,1.73,0.69,39.0
61,SK-II,GenOptics Aura Essence Serum,240.0,109,9090,4.0826,1.6,0,0,0,0,0,0,0,0,0,0,0,0,0,0,0,0,0,0,0,0,0,0,0,0,0,1,0,0,0,0,0,0,0,0,0,0,1.2,3.75,150.0
62,Dr. Jart+,Ceramidin‚ Cream,48.0,917,17578,4.6074,1.69,0,0,0,0,0,0,0,0,0,0,0,0,0,0,0,0,0,0,0,0,0,0,0,0,0,0,0,1,0,0,0,0,0,0,0,0,5.22,0.5,28.4
63,First Aid Beauty,Hello FAB Coconut Skin Smoothie Priming Moisturizer,28.0,1000,56776,4.218,1.7,0,0,0,0,0,0,0,0,0,0,0,0,0,0,0,0,0,0,0,0,0,0,0,0,0,0,0,1,0,0,0,0,0,0,0,0,1.76,0.42,16.47
64,GLAMGLOW,GLOWSTARTER‚ Mega Illuminating Moisturizer,49.0,1000,60229,4.027,1.7,0,0,0,0,0,0,0,0,0,0,0,0,0,0,0,0,0,0,0,0,0,0,0,0,0,0,0,1,0,0,0,0,0,0,0,0,1.66,0.4,28.82
65,LANEIGE,Water Bank Moisture Cream,35.0,734,29072,4.4005,1.6,0,0,0,0,0,0,0,0,0,0,0,0,0,0,0,0,0,0,0,0,0,0,0,0,0,0,0,1,0,0,0,0,0,0,0,0,2.52,0.6,21.88
66,SUNDAY RILEY,Tidal Brightening Enzyme Water Cream,22.0,1000,55171,4.1377,0.5,0,0,0,0,0,0,0,0,0,0,0,0,0,0,0,0,0,0,0,0,0,0,0,0,0,0,0,1,0,0,0,0,0,0,0,0,1.81,0.41,44.0
67,Youth To The People,Superfood Hyaluronic Acid Moisturizer,48.0,683,30370,4.2006,2.0,1,0,0,0,0,0,0,0,0,0,0,0,0,0,0,0,0,0,0,0,0,0,0,0,0,0,0,1,0,0,0,0,0,0,0,0,2.25,0.62,24.0
68,Glow Recipe,Watermelon Glow Sleeping Mask,45.0,1000,170974,4.0466,2.7,1,0,0,0,0,0,0,0,0,0,0,0,0,0,0,0,0,0,0,0,0,0,0,0,0,0,0,0,1,0,0,0,0,0,0,0,0.58,0.4,16.67
69,IT Cosmetics,Secret Sauce Anti-Aging Moisturizer,68.0,338,26730,3.7722,2.0,0,0,0,0,0,0,0,0,0,0,0,0,0,0,0,0,0,0,0,0,0,0,0,0,0,0,0,1,0,0,0,0,0,0,0,0,1.26,1.12,34.0
70,OLEHENRIKSEN,Goodnight Glow Retin-ALT Sleeping Creme,55.0,211,28556,4.1185,1.7,0,0,0,0,0,0,0,0,0,0,0,0,0,0,0,0,0,0,0,0,0,0,0,0,0,0,0,0,1,0,0,0,0,0,0,0,0.74,1.95,32.35
71,Herbivore,Emerald Cannabis Sativa Hemp Seed Deep Moisture Glow Oil,48.0,154,24670,4.6234,1.0,1,0,0,0,0,0,0,0,0,0,0,0,0,0,1,0,0,0,0,0,0,0,0,0,0,0,0,0,0,0,0,0,0,0,0,0,0.62,3.0,48.0
72,Smashbox,Camera Ready BB Cream SPF 35,42.0,3000,77095,4.0136,1.0,0,0,1,0,0,0,0,0,0,0,0,0,0,0,0,0,0,0,0,0,0,0,0,0,0,0,0,0,0,0,0,0,0,0,0,0,3.89,0.13,42.0
73,The Ordinary,Vitamin C Suspension 23% + HA Spheres 2%,5.8,265,33372,3.9849,1.0,0,0,0,0,0,0,0,0,0,0,0,0,0,0,0,0,0,0,0,0,0,0,0,0,0,0,0,1,0,0,0,0,0,0,0,0,0.79,1.5,5.8
74,CLINIQUE,Clinique iD‚ Custom-Blend Hydrator Collection,39.0,88,30980,3.8864,4.2,0,0,0,0,0,0,0,0,0,0,0,0,0,0,0,0,0,0,0,0,0,0,0,0,0,0,0,1,0,0,0,0,0,0,0,0,0.28,4.42,9.29
75,Glow Recipe,Watermelon Pink Juice Moisturizer,39.0,726,62865,4.0124,2.0,1,0,0,0,0,0,0,0,0,0,0,0,0,0,0,0,0,0,0,0,0,0,0,0,0,0,0,1,0,0,0,0,0,0,0,0,1.15,0.55,19.5
76,Caudalie,Vinosource SOS Deep Hydration Moisturizer,42.0,47,4498,4.7872,1.6,1,0,0,0,0,0,0,0,0,0,0,0,0,0,0,0,0,0,0,0,0,0,0,0,0,0,0,1,0,0,0,0,0,0,0,0,1.04,10.19,26.25
77,Dior,Capture Totale Dreamskin Advanced,115.0,127,11808,4.1654,1.0,0,0,0,0,0,0,0,0,0,0,0,0,0,0,0,0,0,0,0,0,0,0,0,0,0,0,0,1,0,0,0,0,0,0,0,0,1.08,3.28,115.0
78,FARSALI,"Rose Gold Elixir, 24k Gold Infused Beauty Oil",54.0,1000,114554,3.9263,1.0,0,0,0,0,0,0,0,0,0,0,0,0,0,0,1,0,0,0,0,0,0,0,0,0,0,0,0,0,0,0,0,0,0,0,0,0,0.87,0.39,54.0
79,Guerlain,Abeille Royale Youth Watery Oil,129.0,29,11056,4.1379,1.6,0,0,0,0,0,0,0,0,0,0,0,0,0,0,1,0,0,0,0,0,0,0,0,0,0,0,0,0,0,0,0,0,0,0,0,0,0.26,14.27,80.62
80,IT Cosmetics,Confidence in a Cream Hydrating Moisturizer,48.0,570,27894,4.2842,2.0,0,0,0,0,0,0,0,0,0,0,0,0,0,0,0,0,0,0,0,0,0,0,0,0,0,0,0,1,0,0,0,0,0,0,0,0,2.04,0.75,24.0
81,Tatcha,Luminous Dewy Skin Night Concentrate,110.0,153,28945,4.4379,1.7,1,0,0,0,0,0,0,0,0,0,0,0,0,0,0,0,0,0,0,0,0,0,0,0,0,0,0,0,1,0,0,0,0,0,0,0,0.53,2.9,64.71
82,Youth To The People,Superberry Hydrate + Glow Oil,44.0,508,26645,4.7539,1.0,1,0,0,0,0,0,0,0,0,0,0,0,0,0,1,0,0,0,0,0,0,0,0,0,0,0,0,0,0,0,0,0,0,0,0,0,1.91,0.94,44.0
83,LANEIGE,BB Cushion Hydra Radiance SPF 50,38.0,1000,26255,4.2886,0.5,0,0,1,0,0,0,0,0,0,0,0,0,0,0,0,0,0,0,0,0,0,0,0,0,0,0,0,0,0,0,0,0,0,0,0,0,3.81,0.43,76.0
84,Biossance,Limited Edition Squalane + Vitamin C Rose Oil,72.0,310,2793,4.3968,1.01,1,0,0,0,0,0,0,0,0,0,0,0,0,0,1,0,0,0,0,0,0,0,0,0,0,0,0,0,0,0,0,0,0,0,0,0,11.1,1.42,71.29
85,Perricone MD,Cold Plasma Sub-D Firming Neck Treatment,135.0,252,8618,3.7778,2.0,0,0,0,0,0,0,0,0,0,0,0,0,0,0,0,0,0,0,0,0,0,0,0,0,0,0,0,1,0,0,0,0,0,0,0,0,2.92,1.5,67.5
86,Algenist,GENIUS Sleeping Collagen,98.0,1000,7378,4.6152,2.0,0,0,0,0,0,0,0,0,0,0,0,0,0,0,0,0,0,0,0,0,0,0,0,0,0,0,0,0,1,0,0,0,0,0,0,0,13.55,0.46,49.0
87,Tatcha,The Silk Cream,120.0,142,23416,4.2676,1.7,1,0,0,0,0,0,0,0,0,0,0,0,0,0,0,0,0,0,0,0,0,0,0,0,0,0,0,1,0,0,0,0,0,0,0,0,0.61,3.01,70.59
88,OLEHENRIKSEN,Counter Balance‚Ñ¢ Oil Control Hydrator,36.0,931,31646,4.2825,1.7,0,0,0,0,0,0,0,0,0,0,0,0,0,0,0,0,0,0,0,0,0,0,0,0,0,0,0,1,0,0,0,0,0,0,0,0,2.94,0.46,21.18
89,tarte,Drink of H2O Hydrating Boost Moisturizer Rainforest of the Sea‚Ñ¢,39.0,1000,63150,4.3578,1.7,0,0,0,0,0,0,0,0,0,0,0,0,0,0,0,0,0,0,0,0,0,0,0,0,0,0,0,1,0,0,0,0,0,0,0,0,1.58,0.44,22.94
90,Supergoop!,Superscreen Daily Moisturizer Broad Spectrum SPF 40 PA+++,38.0,91,12759,4.011,1.7,1,0,0,0,0,0,0,0,0,0,0,0,0,0,0,0,0,0,0,0,0,0,0,0,0,0,0,1,0,0,0,0,0,0,0,0,0.71,4.41,22.35
91,SUNDAY RILEY,C.E.O. C+ E Antioxidant Protect Repair Moisturizer,22.0,675,33749,4.0711,0.5,0,0,0,0,0,0,0,0,0,0,0,0,0,0,0,0,0,0,0,0,0,0,0,0,0,0,0,1,0,0,0,0,0,0,0,0,2.0,0.6,44.0
92,AMOREPACIFIC,Color Control Cushion Compact Broad Spectrum SPF 50+,60.0,1000,26924,4.0439,1.05,0,0,1,0,0,0,0,0,0,0,0,0,0,0,0,0,0,0,0,0,0,0,0,0,0,0,0,0,0,0,0,0,0,0,0,0,3.71,0.4,57.14
93,Caudalie,Vinosource Moisturizing Sorbet,39.0,1000,42892,4.2154,1.3,1,0,0,0,0,0,0,0,0,0,0,0,0,0,0,0,0,0,0,0,0,0,0,0,0,0,0,1,0,0,0,0,0,0,0,0,2.33,0.42,30.0
94,Origins,Original Skin‚ Matte Moisturizer with Willowherb,35.0,1000,38138,4.4701,1.7,1,0,0,0,0,0,0,0,0,0,0,0,0,0,0,0,0,0,0,0,0,0,0,0,0,0,0,1,0,0,0,0,0,0,0,0,2.62,0.45,20.59
95,Dr. Jart+,Cicapair‚Ñ¢ Tiger Grass Cream,48.0,587,30709,4.3509,1.7,0,0,0,0,0,0,0,0,0,0,0,0,0,0,0,0,0,0,0,0,0,0,0,0,0,0,0,1,0,0,0,0,0,0,0,0,1.91,0.74,28.24
96,KORA Organics,Noni Glow Face Oil,68.0,366,23502,4.3224,1.01,1,0,0,0,0,0,0,0,0,0,0,0,0,0,1,0,0,0,0,0,0,0,0,0,0,0,0,0,0,0,0,0,0,0,0,0,1.56,1.18,67.33
97,Josie Maran,Skin Dope Argan Oil + 100 mg CBD,78.0,7,1205,5.0,1.7,1,0,0,0,0,0,0,0,0,0,0,0,0,0,1,0,0,0,0,0,0,0,0,0,0,0,0,0,0,0,0,0,0,0,0,0,0.58,71.43,45.88
98,IT Cosmetics,Bye Bye Redness‚Ñ¢ Neutralizing Correcting Cream,32.0,636,31776,4.2233,0.37,0,0,0,0,0,0,0,0,0,0,0,0,0,0,0,0,0,0,0,0,0,0,0,0,0,0,0,1,0,0,0,0,0,0,0,0,2.0,0.66,86.49
99,Lanc√¥me,UV Expert Aquagel Defense Primer & Moisturizer SPF 50,39.0,480,1435,4.5208,1.0,0,0,0,0,0,0,0,0,0,0,0,0,0,0,0,0,0,0,0,0,0,0,0,0,0,0,0,1,0,0,0,0,0,0,0,0,33.45,0.94,39.0
100,Fresh,Black Tea Firming Overnight Mask,92.0,372,42432,4.1183,3.3,0,0,0,0,0,0,0,0,0,0,0,0,0,1,0,0,0,0,0,0,0,0,0,0,0,0,0,0,0,0,0,0,0,0,0,0,0.88,1.11,27.88
101,Supergoop!,Defense Refresh Setting Mist Broad Spectrum SPF 50,28.0,1000,32423,3.2617,3.4,1,0,0,0,0,0,0,0,0,0,0,0,0,0,0,0,0,0,0,0,0,0,0,0,0,1,0,0,0,0,0,0,0,0,0,0,3.08,0.33,8.24
102,Murad,Retinol Youth Renewal Night Cream,82.0,186,6662,4.7258,1.7,0,0,0,0,0,0,0,0,0,0,0,0,0,0,0,0,0,0,0,0,0,0,0,0,0,0,0,0,1,0,0,0,0,0,0,0,2.79,2.54,48.24
103,Murad,Nutrient-Charged Water Gel,60.0,489,11775,4.5644,1.7,0,0,0,0,0,0,0,0,0,0,0,0,0,0,0,0,0,0,0,0,0,0,0,0,0,0,0,1,0,0,0,0,0,0,0,0,4.15,0.93,35.29
104,MILK MAKEUP,Cooling Water,24.0,904,70120,3.7876,1.2,0,0,0,0,0,0,0,0,0,0,0,0,0,0,0,0,0,0,0,0,0,0,0,0,0,1,0,0,0,0,0,0,0,0,0,0,1.29,0.42,20.0
105,First Aid Beauty,Ultra Repair - Hydrating Serum,38.0,523,33249,4.2294,1.7,0,0,0,0,0,0,0,0,0,0,0,0,0,0,0,0,1,0,0,0,0,0,0,0,0,0,0,0,0,0,0,0,0,0,0,0,1.57,0.81,22.35
106,MAKE UP FOR EVER,Mist & Fix Setting Spray,30.0,1000,66170,4.2422,4.22,0,0,0,0,0,0,0,0,0,0,0,0,0,0,0,0,0,0,0,0,0,0,0,0,0,0,0,0,0,1,0,0,0,0,0,0,1.51,0.42,7.11
107,Erborian,BB Creme au Ginseng,39.0,259,21377,4.3784,1.5,0,0,1,0,0,0,0,0,0,0,0,0,0,0,0,0,0,0,0,0,0,0,0,0,0,0,0,0,0,0,0,0,0,0,0,0,1.21,1.69,26.0
108,Shiseido,Benefiance WrinkleResist24 Night Cream ,63.0,248,15564,4.3629,1.7,0,0,0,0,0,0,0,0,0,0,0,0,0,0,0,0,0,0,0,0,0,0,0,0,0,0,0,0,1,0,0,0,0,0,0,0,1.59,1.76,37.06
109,Caudalie,Grape Water,10.0,1000,77843,4.46,,1,0,0,0,0,0,0,0,0,0,0,0,0,0,0,0,0,0,0,0,0,0,0,0,0,1,0,0,0,0,0,0,0,0,0,0,1.28,0.45,
110,Algenist,GENIUS Ultimate Anti-Aging Cream,112.0,441,13854,4.2834,2.0,0,0,0,0,0,0,0,0,0,0,0,0,0,0,0,0,0,0,0,0,0,0,0,0,0,0,0,1,0,0,0,0,0,0,0,0,3.18,0.97,56.0
111,Herbivore,Lapis Balancing Facial Oil,72.0,563,37261,4.3872,1.7,1,0,0,0,0,0,0,0,0,0,0,0,0,0,1,0,0,0,0,0,0,0,0,0,0,0,0,0,0,0,0,0,0,0,0,0,1.51,0.78,42.35
112,SUNDAY RILEY,Juno Antioxidant + Superfood Face Oil,72.0,378,43924,4.4127,1.18,0,0,0,0,0,0,0,0,0,0,0,0,0,0,1,0,0,0,0,0,0,0,0,0,0,0,0,0,0,0,0,0,0,0,0,0,0.86,1.17,61.02
113,Tatcha,The Indigo Cream Soothing Skin Protectant,85.0,72,8519,4.2639,1.7,1,0,0,0,0,0,0,0,0,0,0,0,0,0,0,0,0,0,0,0,0,0,0,0,0,0,0,1,0,0,0,0,0,0,0,0,0.85,5.92,50.0
114,philosophy,Renewed Hope in A Jar Refreshing & Refining Moisturizer,39.0,541,32042,4.1608,2.0,0,0,0,0,0,0,0,0,0,0,0,0,0,0,0,0,0,0,0,0,0,0,0,0,0,0,0,1,0,0,0,0,0,0,0,0,1.69,0.77,19.5
115,OLEHENRIKSEN,Invigorating Night Transformation‚Ñ¢ Gel,49.0,1000,44769,4.2931,1.7,0,0,0,0,0,0,0,0,0,0,0,0,0,0,0,0,1,0,0,0,0,0,0,0,0,0,0,0,0,0,0,0,0,0,0,0,2.23,0.43,28.82
116,LANEIGE,Water Bank Essence,36.0,188,20043,4.7074,2.0,0,0,0,0,0,0,0,0,0,0,0,0,0,0,0,0,0,0,0,0,0,0,0,0,0,1,0,0,0,0,0,0,0,0,0,0,0.94,2.5,18.0
117,Bobbi Brown,BB Cream SPF 35,47.0,657,27579,3.9269,1.35,0,0,1,0,0,0,0,0,0,0,0,0,0,0,0,0,0,0,0,0,0,0,0,0,0,0,0,0,0,0,0,0,0,0,0,0,2.38,0.6,34.81
118,Farmacy,Honey Drop Lightweight Moisturizer,45.0,594,31677,4.1178,1.7,1,0,0,0,0,0,0,0,0,0,0,0,0,0,0,0,0,0,0,0,0,0,0,0,0,0,0,1,0,0,0,0,0,0,0,0,1.88,0.69,26.47
119,SEPHORA COLLECTION,Nourishing Moisturizer - Hydrate & Repair,16.0,100,9753,4.44,1.69,1,0,0,0,0,0,0,0,0,0,0,0,0,0,0,0,0,0,0,0,0,0,0,0,0,0,0,1,0,0,0,0,0,0,0,0,1.03,4.44,9.47
120,Josie Maran,Whipped Argan Oil Face Butter,42.0,708,28863,4.1215,1.7,1,0,0,0,0,0,0,0,0,0,0,0,0,0,0,0,0,0,0,0,0,0,0,0,0,0,0,1,0,0,0,0,0,0,0,0,2.45,0.58,24.71
121,KORA Organics,Noni Glow Face Oil Mini,25.0,13,5435,4.4615,0.34,1,0,0,0,0,0,0,0,0,0,0,0,0,0,1,0,0,0,0,0,0,0,0,0,0,0,0,0,0,0,0,0,0,0,0,0,0.24,34.32,73.53
122,KORA Organics,Noni Glow Face Oil,25.0,397,3631,4.2771,0.34,1,0,0,0,0,0,0,0,0,0,0,0,0,0,1,0,0,0,0,0,0,0,0,0,0,0,0,0,0,0,0,0,0,0,0,0,10.93,1.08,73.53
123,Jack Black,Double-Duty Face Moisturizer Broad Spectrum SPF 20,28.0,351,13349,4.4672,3.3,0,0,0,0,0,0,0,0,0,0,0,0,0,0,0,0,0,0,0,0,0,0,0,0,0,0,0,1,0,0,0,0,0,0,0,0,2.63,1.27,8.48
124,CLINIQUE,Moisture Surge Intense Skin Fortifying Hydrator,39.0,895,23966,4.3866,1.7,0,0,0,0,0,0,0,0,0,0,0,0,0,0,0,0,0,0,0,0,0,0,0,0,0,0,0,1,0,0,0,0,0,0,0,0,3.73,0.49,22.94
125,Biossance,Squalane + Probiotic Gel Moisturizer,52.0,328,16755,4.3841,,1,0,0,0,0,0,0,0,0,0,0,0,0,0,0,0,0,0,0,0,0,0,0,0,0,0,0,1,0,0,0,0,0,0,0,0,1.96,1.34,
126,tarte,4-in-1 Setting Mist - Rainforest of the Sea‚  Collection,25.0,1000,68715,3.8257,2.5,0,0,0,0,0,0,0,0,0,0,0,0,0,0,0,0,0,0,0,0,0,0,0,0,0,1,0,0,0,0,0,0,0,0,0,0,1.46,0.38,10.0
127,Biossance,Squalane + Omega Repair Cream,58.0,255,7834,4.5294,1.69,1,0,0,0,0,0,0,0,0,0,0,0,0,0,0,0,0,0,0,0,0,0,0,0,0,0,0,1,0,0,0,0,0,0,0,0,3.26,1.78,34.32
128,belif,Aqua Bomb Sleeping Mask,34.0,745,22332,4.6255,2.53,0,0,0,0,0,0,0,0,0,0,0,0,0,1,0,0,0,0,0,0,0,0,0,0,0,0,0,0,0,0,0,0,0,0,0,0,3.34,0.62,13.44
129,Origins,Dr. Andrew Weil For Origins‚ Mega-Bright SPF 30 Skin Tone Correcting Oil-Free Moisturizer,56.0,158,13870,4.1076,1.7,0,0,0,0,0,0,0,0,0,0,0,0,0,0,0,0,0,0,0,0,0,0,0,0,0,0,0,1,0,0,0,0,0,0,0,0,1.14,2.6,32.94
130,La Mer,The Renewal Oil,245.0,39,8739,4.2564,1.0,0,0,0,0,0,0,0,0,0,0,0,0,0,0,1,0,0,0,0,0,0,0,0,0,0,0,0,0,0,0,0,0,0,0,0,0,0.45,10.91,245.0
131,belif,Peat Miracle Revital Cream,58.0,54,10523,4.7222,1.68,0,0,0,0,0,0,0,0,0,0,0,0,0,0,0,0,0,0,0,0,0,0,0,0,0,0,0,1,0,0,0,0,0,0,0,0,0.51,8.74,34.52
132,La Mer,The Moisturizing Cool Gel Cream,175.0,59,4842,3.2881,1.0,0,0,0,0,0,0,0,0,0,0,0,0,0,0,0,0,0,0,0,0,0,0,0,0,0,0,0,1,0,0,0,0,0,0,0,0,1.22,5.57,175.0
133,Mario Badescu,"Facial Spray with Aloe, Herbs and Rosewater",12.0,111,17595,4.2432,8.0,0,0,0,0,0,0,0,0,0,0,0,0,0,0,0,0,0,0,0,0,0,0,0,0,0,1,0,0,0,0,0,0,0,0,0,0,0.63,3.82,1.5
134,Murad,Hydro-Dynamic¬Æ Ultimate Moisture,75.0,365,12350,4.4247,1.7,0,0,0,0,0,0,0,0,0,0,0,0,0,0,0,0,0,0,0,0,0,0,0,0,0,0,0,1,0,0,0,0,0,0,0,0,2.96,1.21,44.12
135,Origins,GinZing‚ SPF 40 Energy-Boosting Tinted Moisturizer,39.0,198,11605,4.0,1.7,1,0,0,0,0,0,0,0,0,0,0,0,0,0,0,0,0,0,0,0,0,0,0,0,0,0,0,1,0,0,0,0,0,0,0,0,1.71,2.02,22.94
136,Shiseido,Sports BB SPF 50+,38.0,2,1478,4.5,1.0,0,0,1,0,0,0,0,0,0,0,0,0,0,0,0,0,0,0,0,0,0,0,0,0,0,0,0,0,0,0,0,0,0,0,0,0,0.14,225.0,38.0
137,Fresh,Black Tea Kombucha Antioxidant Essence,68.0,275,35942,4.4073,5.0,0,0,0,0,0,0,0,0,0,0,0,0,0,0,0,0,0,0,0,0,0,0,0,0,0,1,0,0,0,0,0,0,0,0,0,0,0.77,1.6,13.6
138,Fresh,Black Tea Corset Cream Firming Moisturizer,95.0,92,16014,4.0326,1.6,0,0,0,0,0,0,0,0,0,0,0,0,0,0,0,0,0,0,0,0,0,0,0,0,0,0,0,1,0,0,0,0,0,0,0,0,0.57,4.38,59.38
139,Murad,Oil-Control Mattifier SPF 15 PA++,40.0,2000,32886,4.1703,1.7,0,0,0,0,0,0,0,0,0,0,0,0,0,0,0,0,0,0,0,0,0,0,0,0,0,0,0,1,0,0,0,0,0,0,0,0,6.08,0.21,23.53
140,Farmacy,Sleep Tight Firming Night Balm with Echinacea GreenEnvy,48.0,463,33911,4.2138,1.7,1,0,0,0,0,0,0,0,0,0,0,0,0,0,0,0,0,0,0,0,0,0,0,0,0,0,0,0,1,0,0,0,0,0,0,0,1.37,0.91,28.24
141,Shiseido,Benefiance WrinkleResist24 Day Cream Broad Spectrum SPF 18,60.0,135,9169,4.363,1.8,0,0,0,0,0,0,0,0,0,0,0,0,0,0,0,0,0,0,0,0,0,0,0,0,0,0,0,1,0,0,0,0,0,0,0,0,1.47,3.23,33.33
142,Kopari,Coconut Melt,28.0,627,37428,4.0957,5.1,1,0,0,0,0,0,0,1,0,0,0,0,0,0,0,0,0,0,0,0,0,0,0,0,0,0,0,0,0,0,0,0,0,0,0,0,1.68,0.65,5.49
143,Briogeo,B. Well Organic + Cold-Pressed 100% Castor Oil,26.0,147,15134,4.8231,,1,0,0,0,0,0,0,0,0,0,0,0,0,0,0,0,0,0,0,0,0,1,0,0,0,0,0,0,0,0,0,0,0,0,0,0,0.97,3.28,
144,Perricone MD,Vitamin C Ester Photo-Brightening Moisturizer SPF 30,69.0,592,11925,4.2314,2.0,0,0,0,0,0,0,0,0,0,0,0,0,0,0,0,0,0,0,0,0,0,0,0,0,0,0,0,1,0,0,0,0,0,0,0,0,4.96,0.71,34.5
145,First Aid Beauty,Ultra Repair Face Moisturizer,24.0,706,26793,4.2535,,0,0,0,0,0,0,0,0,0,0,0,0,0,0,0,0,0,0,0,0,0,0,0,0,0,0,0,1,0,0,0,0,0,0,0,0,2.64,0.6,
146,Dr. Dennis Gross Skincare,Ferulic + Retinol Anti-Aging Moisturizer,75.0,122,9519,4.1721,1.7,0,0,0,0,0,0,0,0,0,0,0,0,0,0,0,0,0,0,0,0,0,0,0,0,0,0,0,1,0,0,0,0,0,0,0,0,1.28,3.42,44.12
147,First Aid Beauty,Ultra Repair Oat & Cannabis Sativa Seed Oil,30.0,129,10962,4.5116,1.0,0,0,0,0,0,0,0,0,0,0,0,0,0,0,1,0,0,0,0,0,0,0,0,0,0,0,0,0,0,0,0,0,0,0,0,0,1.18,3.5,30.0
148,CLINIQUE,Redness Solutions Daily Relief Cream,49.5,525,12113,4.021,1.7,0,0,0,0,0,0,0,0,0,0,0,0,0,0,0,0,0,0,0,0,0,0,0,0,0,0,0,1,0,0,0,0,0,0,0,0,4.33,0.77,29.12
149,CLINIQUE,Moisture Surge CC Cream Hydrating Colour Corrector Broad Spectrum SPF 30,39.0,730,26504,3.8233,1.4,0,0,1,0,0,0,0,0,0,0,0,0,0,0,0,0,0,0,0,0,0,0,0,0,0,0,0,0,0,0,0,0,0,0,0,0,2.75,0.52,27.86
150,Fresh,Rose Deep Hydration Sleeping Mask,50.0,456,2397,4.6886,1.18,0,0,0,0,0,0,0,0,0,0,0,0,0,1,0,0,0,0,0,0,0,0,0,0,0,0,0,0,0,0,0,0,0,0,0,0,19.02,1.03,42.37
151,Herbivore,Pink Cloud Rosewater Moisture Creme,48.0,999,52366,4.4585,1.7,1,0,0,0,0,0,0,0,0,0,0,0,0,0,0,0,0,0,0,0,0,0,0,0,0,0,0,1,0,0,0,0,0,0,0,0,1.91,0.45,28.24
152,Fresh,Rose Floral Toner,40.0,811,61025,4.1196,8.5,0,0,0,0,0,0,0,0,0,0,0,0,0,0,0,0,0,0,0,0,0,0,0,0,0,0,0,0,0,0,0,0,0,1,0,0,1.33,0.51,4.71
153,bareMinerals,Prime Time BB Tinted Primer Broad Spectrum SPF 30,27.0,292,15276,4.0685,1.0,0,0,1,0,0,0,0,0,0,0,0,0,0,0,0,0,0,0,0,0,0,0,0,0,0,0,0,0,0,0,0,0,0,0,0,0,1.91,1.39,27.0
154,IT Cosmetics,Your Skin But Better‚ CC+ Airbrush Perfecting Powder‚ with SPF 50+,35.0,215,24423,3.6186,0.33,0,0,1,0,0,0,0,0,0,0,0,0,0,0,0,0,0,0,0,0,0,0,0,0,0,0,0,0,0,0,0,0,0,0,0,0,0.88,1.68,106.06
155,Dermalogica,Dynamic Skin Recovery SPF50 Moisturizer,73.0,89,544,4.7753,1.7,0,0,0,0,0,0,0,0,0,0,0,0,0,0,0,0,0,1,0,0,0,0,0,0,0,0,0,0,0,0,0,0,0,0,0,0,16.36,5.37,42.94
156,REN Clean Skincare,Evercalm‚ Overnight Recovery Balm,48.0,130,14035,4.5615,1.02,1,0,0,0,0,0,0,0,0,0,0,0,0,0,0,0,0,0,0,0,0,0,0,0,0,0,0,0,1,0,0,0,0,0,0,0,0.93,3.51,47.06
157,First Aid Beauty,Ultra Repair Hydra-Firm Sleeping Cream,38.0,427,30207,4.3068,1.7,0,0,0,0,0,0,0,0,0,0,0,0,0,0,0,0,0,0,0,0,0,0,0,0,0,0,0,0,1,0,0,0,0,0,0,0,1.41,1.01,22.35
158,Tatcha,Gold Camellia Beauty Oil,95.0,122,30100,4.6557,1.0,1,0,0,0,0,0,0,0,0,0,0,0,0,0,1,0,0,0,0,0,0,0,0,0,0,0,0,0,0,0,0,0,0,0,0,0,0.41,3.82,95.0
159,Origins,A Perfect World‚Ñ¢ SPF 40 Age-Defense Moisturizer with White Tea,45.0,227,10605,3.5463,1.7,1,0,0,0,0,0,0,0,0,0,0,0,0,0,0,0,0,0,0,0,0,0,0,0,0,0,0,1,0,0,0,0,0,0,0,0,2.14,1.56,26.47
160,Josie Maran,Argan Daily Moisturizer SPF 47 ,34.0,1000,33639,3.877,2.0,1,0,0,0,0,0,0,0,0,0,0,0,0,0,0,0,0,1,0,0,0,0,0,0,0,0,0,0,0,0,0,0,0,0,0,0,2.97,0.39,17.0
161,IT Cosmetics,Miracle Water 3-in-1 Micellar Cleanser,38.0,160,12640,4.5062,8.5,0,0,0,0,0,0,0,0,0,0,0,0,0,0,0,0,0,0,0,0,0,0,0,0,0,1,0,0,0,0,0,0,0,0,0,0,1.27,2.82,4.47
162,Perricone MD,High Potency Classics: Face Finishing & Firming Moisturizer,69.0,1000,14175,4.2805,2.0,0,0,0,0,0,0,0,0,0,0,0,0,0,0,0,0,0,0,0,0,0,0,0,0,0,0,0,1,0,0,0,0,0,0,0,0,7.05,0.43,34.5
163,Murad,Essential-C Day Moisture Broad Spectrum SPF 30 PA+++,65.0,369,13022,4.0163,1.7,0,0,0,0,0,0,0,0,0,0,0,0,0,0,0,0,0,0,0,0,0,0,0,0,0,0,0,1,0,0,0,0,0,0,0,0,2.83,1.09,38.24
164,Dior,Capture Dreamskin Fresh & Perfect Cushion Broad Spectrum SPF 50,82.0,102,5932,4.3235,0.5,0,0,0,0,0,0,0,0,0,0,0,0,0,0,0,0,0,0,0,0,0,0,0,0,0,0,0,1,0,0,0,0,0,0,0,0,1.72,4.24,164.0
165,Kiehl's Since 1851,Cannabis Sativa Seed Oil Herbal Concentrate (Hemp-Derived) ,49.0,63,8856,4.1905,1.0,0,0,0,0,0,0,0,0,0,0,0,0,0,0,0,0,0,0,0,0,0,0,0,0,0,0,0,0,0,0,0,0,0,0,0,0,0.71,6.65,49.0
166,Est√©e Lauder,Micro Essence Skin Activating Treatment Lotion,100.0,55,14601,4.4545,5.0,0,0,0,0,0,0,0,0,0,0,0,0,0,0,0,0,0,0,0,0,0,0,0,0,0,1,0,0,0,0,0,0,0,0,0,0,0.38,8.1,20.0
167,Est√©e Lauder,Revitalizing Supreme Global Anti-Aging Creme,82.0,100,7508,4.39,1.7,0,0,0,0,0,0,0,0,0,0,0,0,0,0,0,0,0,0,0,0,0,0,0,0,0,0,0,1,0,0,0,0,0,0,0,0,1.33,4.39,48.24
168,Fresh,Vitamin C Glow Moisturizer,42.0,295,20980,4.3458,1.6,0,0,0,0,0,0,0,0,0,0,0,0,0,0,0,0,0,0,0,0,0,0,0,0,0,0,0,1,0,0,0,0,0,0,0,0,1.41,1.47,26.25
169,Kiehl's Since 1851,Ultra Facial Cream SPF 30,30.0,67,10678,4.1343,1.7,0,0,0,0,0,0,0,0,0,0,0,0,0,0,0,0,0,0,0,0,0,0,0,0,0,0,0,1,0,0,0,0,0,0,0,0,0.63,6.17,17.65
170,Dermalogica,Active Moist Moisturizer,66.0,23,1428,4.913,3.4,0,0,0,0,0,0,0,0,0,0,0,0,0,0,0,0,0,0,0,0,0,0,0,0,0,0,0,1,0,0,0,0,0,0,0,0,1.61,21.36,19.41
171,Shiseido,Bio-Performance Advanced Super Revitalizing Cream,82.0,336,15036,4.5893,1.7,0,0,0,0,0,0,0,0,0,0,0,0,0,0,0,0,0,0,0,0,0,0,0,0,0,0,0,1,0,0,0,0,0,0,0,0,2.23,1.37,48.24
172,LANEIGE,Water Bank Hydrating Gel,35.0,199,13820,4.5327,1.6,0,0,0,0,0,0,0,0,0,0,0,0,0,0,0,0,0,0,0,0,0,0,0,0,0,0,0,1,0,0,0,0,0,0,0,0,1.44,2.28,21.88
173,Dr. Dennis Gross Skincare,Vitamin C+ Collagen Deep Cream,72.0,178,7569,4.0393,1.7,0,0,0,0,0,0,0,0,0,0,0,0,0,0,0,0,0,0,0,0,0,0,0,0,0,0,0,1,0,0,0,0,0,0,0,0,2.35,2.27,42.35
174,AMOREPACIFIC,Vintage Single Extract Essence,145.0,102,10438,4.4902,4.05,0,0,0,0,0,0,0,0,0,0,0,0,0,0,0,0,0,0,0,0,0,0,0,0,0,1,0,0,0,0,0,0,0,0,0,0,0.98,4.4,35.8
175,Caudalie,Resveratrol Lift Night Infusion Cream,76.0,68,7420,4.0588,1.7,1,0,0,0,0,0,0,0,0,0,0,0,0,0,0,0,0,0,0,0,0,0,0,0,0,0,0,0,1,0,0,0,0,0,0,0,0.92,5.97,44.71
176,LANEIGE,Lavender Water Sleeping Mask,25.0,122,22024,4.4426,2.3,0,0,0,0,0,0,0,0,0,0,0,0,0,1,0,0,0,0,0,0,0,0,0,0,0,0,0,0,0,0,0,0,0,0,0,0,0.55,3.64,10.87
177,Supergoop!,Glow Stick Sunscreen SPF 50,25.0,109,10286,4.1927,1.0,1,0,0,0,0,0,0,0,0,0,0,0,0,0,0,0,0,1,0,0,0,0,0,0,0,0,0,0,0,0,0,0,0,0,0,0,1.06,3.85,25.0
178,KORRES,Wild Rose + Vitamin C Advanced Brightening Sleeping Facial,48.0,1000,60359,4.3833,1.35,1,0,0,0,0,0,0,0,0,0,0,0,0,1,0,0,0,0,0,0,0,0,0,0,0,0,0,0,0,0,0,0,0,0,0,0,1.66,0.44,35.56
179,GLAMGLOW,THIRSTYMUD‚Ñ¢ Hydrating Treatment Mask,59.0,1000,95174,4.2955,1.7,0,0,0,0,0,0,0,0,0,0,0,0,0,1,0,0,0,0,0,0,0,0,0,0,0,0,0,0,0,0,0,0,0,0,0,0,1.05,0.43,34.71
180,Smashbox,Photo Finish Primer Water,32.0,1000,103073,4.2083,3.9,0,0,0,0,0,0,0,0,0,0,0,0,0,0,0,1,0,0,0,0,0,0,0,0,0,0,0,0,0,0,0,0,0,0,0,0,0.97,0.42,8.21
181,Dr. Brandt Skincare,needles no more¬Æ Neck Sculpting Cream,95.0,10,2492,3.9,1.7,0,0,0,0,0,0,0,0,0,1,0,0,0,0,0,0,0,0,0,0,0,0,0,0,0,0,0,0,0,0,0,0,0,0,0,0,0.4,39.0,55.88
183,Origins,High-Potency Night-a-Mins‚Ñ¢ Oil-Free Resurfacing Cream with Fruit-Derived AHAs,45.0,335,5317,4.3254,1.7,1,0,0,0,0,0,0,0,0,0,0,0,0,0,0,0,0,0,0,0,0,0,0,0,0,0,0,0,1,0,0,0,0,0,0,0,6.3,1.29,26.47
184,OLEHENRIKSEN,Nurture Me‚Ñ¢ Moisturizing Cr√®me,40.0,939,17111,4.4484,1.7,0,0,0,0,0,0,0,0,0,0,0,0,0,0,0,0,0,0,0,0,0,0,0,0,0,0,0,1,0,0,0,0,0,0,0,0,5.49,0.47,23.53
185,Lancer,The Method: Nourish,125.0,169,2952,4.5503,1.7,0,0,0,0,0,0,0,0,0,0,0,0,0,0,0,0,0,0,0,0,0,0,0,0,0,0,0,1,0,0,0,0,0,0,0,0,5.72,2.69,73.53
186,KORRES,Wild Rose Vitamin C Active Brightening Oil,54.0,536,40356,4.4142,1.01,1,0,0,0,0,0,0,0,0,0,0,0,0,0,0,0,0,0,0,0,0,0,0,0,0,0,0,0,0,0,0,0,0,0,0,0,1.33,0.82,53.47
187,Origins,High-Potency Night-a-Mins‚ Resurfacing Cream with Fruit-Derived AHAs,45.0,1000,6010,4.322,1.7,1,0,0,0,0,0,0,0,0,0,0,0,0,0,0,0,0,0,0,0,0,0,0,0,0,0,0,0,1,0,0,0,0,0,0,0,16.64,0.43,26.47
188,Supergoop!,Sun-Defying Sunscreen Oil Broad Spectrum SPF 50,34.0,223,13243,4.1256,5.0,1,0,0,0,0,0,0,0,0,0,0,0,0,0,0,0,0,1,0,0,0,0,0,0,0,0,0,0,0,0,0,0,0,0,0,0,1.68,1.85,6.8
189,COOLA,R≈çsilliance‚Ñ¢ Organic BB+ Cream SPF 30,52.0,143,8630,3.8671,1.5,1,0,1,0,0,0,0,0,0,0,0,0,0,0,0,0,0,0,0,0,0,0,0,0,0,0,0,0,0,0,0,0,0,0,0,0,1.66,2.7,34.67
190,REN Clean Skincare,Evercalm‚ Global Protection Day Cream,49.0,591,13929,4.2098,1.7,1,0,0,0,0,0,0,0,0,0,0,0,0,0,0,0,0,0,0,0,0,0,0,0,0,0,0,1,0,0,0,0,0,0,0,0,4.24,0.71,28.82
191,Dr. Jart+,Black Label Detox BB Beauty Balm,36.0,1000,23736,4.1337,1.5,0,0,1,0,0,0,0,0,0,0,0,0,0,0,0,0,0,0,0,0,0,0,0,0,0,0,0,0,0,0,0,0,0,0,0,0,4.21,0.41,24.0
192,Herbivore,Phoenix Cell Regenerating Facial Oil,88.0,175,22807,4.48,1.7,1,0,0,0,0,0,0,0,0,0,0,0,0,0,0,0,0,0,0,0,0,0,0,0,0,0,0,0,0,0,0,0,0,0,0,0,0.77,2.56,51.76
193,SEPHORA COLLECTION,All Day Hydrator - Hydrate & Glow,16.0,60,8573,4.4667,1.69,1,0,0,0,0,0,0,0,0,0,0,0,0,0,0,0,0,0,0,0,0,0,0,0,0,0,0,1,0,0,0,0,0,0,0,0,0.7,7.44,9.47
194,Smashbox,Photo Finish Primerizer,42.0,624,26515,4.2324,1.0,0,0,1,0,0,0,0,0,0,0,0,0,0,0,0,0,0,0,0,0,0,0,0,0,0,0,0,0,0,0,0,0,0,0,0,0,2.35,0.68,42.0
196,tarte,Colored Clay CC Undereye Corrector,25.0,537,20363,4.2421,0.08,0,0,1,0,0,0,0,0,0,0,0,0,0,0,0,0,0,0,0,0,0,0,0,0,0,0,0,0,0,0,0,0,0,0,0,0,2.64,0.79,312.5
197,Dr. Dennis Gross Skincare,Hyaluronic Marine Oil-Free Moisture Cushion,60.0,72,5943,4.2222,1.7,0,0,0,0,0,0,0,0,0,0,0,0,0,0,0,0,0,0,0,0,0,0,0,0,0,0,0,1,0,0,0,0,0,0,0,0,1.21,5.86,35.29
198,Smashbox,Photo Finish Primer Oil,42.0,444,21969,4.3987,1.0,0,0,0,0,0,0,0,0,0,0,0,0,0,0,0,1,0,0,0,0,0,0,0,0,0,0,0,0,0,0,0,0,0,0,0,0,2.02,0.99,42.0
199,philosophy,Renewed Hope In A Jar SPF 30 ,39.0,84,4296,3.8214,2.0,0,0,0,0,0,0,0,0,0,0,0,0,0,0,0,0,0,0,0,0,0,0,0,0,0,0,0,1,0,0,0,0,0,0,0,0,1.96,4.55,19.5
200,Murad,Anti-Aging Moisturizer SPF 30 PA+++,49.0,78,8621,4.3333,1.7,0,0,0,0,0,0,0,0,0,0,0,0,0,0,0,0,0,0,0,0,0,0,0,0,0,0,0,1,0,0,0,0,0,0,0,0,0.9,5.56,28.82
201,Lanc√¥me,BIENFAIT MULTI-VITAL - SPF 30 CREAM - High Potency Vitamin Enriched Daily Moisturizing Cream,50.0,184,5762,4.3315,1.69,0,0,0,0,0,0,0,0,0,0,0,0,0,0,0,0,0,0,0,0,0,0,0,0,0,0,0,1,0,0,0,0,0,0,0,0,3.19,2.35,29.59
202,tarte,Maracuja Oil,48.0,2000,81985,4.4419,1.7,0,0,0,0,0,0,0,0,0,0,0,0,0,0,1,0,0,0,0,0,0,0,0,0,0,0,0,0,0,0,0,0,0,0,0,0,2.44,0.22,28.24
204,Volition Beauty,Prismatic Luminizing Shield SPF 50,35.0,198,14621,4.2727,1.0,1,0,0,0,0,0,0,0,0,0,0,0,0,0,0,0,0,0,0,0,0,0,0,0,0,0,0,1,0,0,0,0,0,0,0,0,1.35,2.16,35.0
205,The Ordinary,"""B"" Oil",9.2,14,5773,4.2143,1.0,0,0,0,0,0,0,0,0,0,0,0,0,0,0,1,0,0,0,0,0,0,0,0,0,0,0,0,0,0,0,0,0,0,0,0,0,0.24,30.1,9.2
206,SUNDAY RILEY,C.E.O. C + E antiOXIDANT Protect + Repair Moisturizer,22.0,750,2277,4.0453,0.5,0,0,0,0,0,0,0,0,0,0,0,0,0,0,0,0,0,0,0,0,0,0,0,0,0,0,0,1,0,0,0,0,0,0,0,0,32.94,0.54,44.0
207,AMOREPACIFIC,MOISTURE BOUND Refreshing Hydra-Gel Oil-Free,100.0,362,8593,4.2514,1.7,0,0,0,0,0,0,0,0,0,0,0,0,0,0,0,0,0,0,0,0,0,0,0,0,0,0,0,1,0,0,0,0,0,0,0,0,4.21,1.17,58.82
208,Dior,Capture Totale Multi-Perfection Creme,165.0,42,4239,4.4048,2.0,0,0,0,0,0,0,0,0,0,0,0,0,0,0,0,0,0,0,0,0,0,0,0,0,0,0,0,1,0,0,0,0,0,0,0,0,0.99,10.49,82.5
209,Kiehl's Since 1851,Ultra Facial Oil-Free Gel-Cream,30.0,49,6576,4.1224,1.7,0,0,0,0,0,0,0,0,0,0,0,0,0,0,0,0,0,0,0,0,0,0,0,0,0,0,0,1,0,0,0,0,0,0,0,0,0.75,8.41,17.65
210,Peter Thomas Roth,Peptide 21‚ Lift & Firm Moisturizer,78.0,350,735,4.6486,3.4,0,0,0,0,0,0,0,0,0,0,0,0,0,0,0,0,0,0,0,0,0,0,0,0,0,0,0,1,0,0,0,0,0,0,0,0,47.62,1.33,22.94
211,Murad,Skin Perfecting Lotion - Blemish Prone/Oily Skin,40.0,883,27620,4.2854,1.7,0,0,0,0,0,0,0,0,0,0,0,0,0,0,0,0,0,0,0,0,0,0,0,0,0,0,0,1,0,0,0,0,0,0,0,0,3.2,0.49,23.53
212,Kate Somerville,Wrinkle Warrior‚ 2-in-1 Plumping Moisturizer + Serum,95.0,253,12668,3.7984,1.7,0,0,0,0,0,0,0,0,0,0,0,0,0,0,0,0,0,0,0,0,0,0,0,0,0,0,0,1,0,0,0,0,0,0,0,0,2.0,1.5,55.88
213,AMOREPACIFIC,MOISTURE BOUND Rejuvenating Cr√®me,150.0,174,4848,4.0977,1.7,0,0,0,0,0,0,0,0,0,0,0,0,0,0,0,0,1,0,0,0,0,0,0,0,0,0,0,0,0,0,0,0,0,0,0,0,3.59,2.36,88.24
214,Fresh,Seaberry Moisturizing Face Oil,53.0,1000,49019,4.4355,1.6,0,0,0,0,0,0,0,0,0,0,0,0,0,0,1,0,0,0,0,0,0,0,0,0,0,0,0,0,0,0,0,0,0,0,0,0,2.04,0.44,33.12
215,CLINIQUE,Take The Day Off Cleansing Oil,28.0,411,19714,4.3479,6.7,0,0,0,0,0,0,0,0,0,0,0,0,0,0,0,0,0,0,1,0,0,0,0,0,0,0,0,0,0,0,0,0,0,0,0,0,2.08,1.06,4.18
216,Kiehl's Since 1851,Super Multi-Corrective Cream,85.0,33,4825,4.2121,2.5,0,0,0,0,0,0,0,0,0,0,0,0,0,0,0,0,0,0,0,0,0,0,0,0,0,0,0,1,0,0,0,0,0,0,0,0,0.68,12.76,34.0
217,COOLA,Mineral Face SPF 30 - Matte Tint,36.0,164,11627,4.0915,1.7,1,0,0,0,0,0,0,0,0,0,0,0,0,0,0,0,0,1,0,0,0,0,0,0,0,0,0,0,0,0,0,0,0,0,0,0,1.41,2.49,21.18
218,Peter Thomas Roth,Un-Wrinkle Night,110.0,108,4884,4.1852,1.0,0,0,0,0,0,0,0,0,0,0,0,0,0,0,0,0,0,0,0,0,0,0,0,0,0,0,0,0,1,0,0,0,0,0,0,0,2.21,3.88,110.0
219,Fresh,Vitamin Nectar Antioxidant Face Mist,44.0,107,15974,4.757,8.4,0,0,0,0,0,0,0,0,0,0,0,0,0,0,0,0,0,0,0,0,0,0,0,0,0,1,0,0,0,0,0,0,0,0,0,0,0.67,4.45,5.24
220,Shiseido,White Lucent Brightening Gel Cream,70.0,1,526,5.0,1.7,0,0,0,0,0,0,0,0,0,0,0,0,0,0,0,0,0,0,0,0,0,0,0,0,0,0,0,1,0,0,0,0,0,0,0,0,0.19,500.0,41.18
221,Kate Somerville,Oil Free Moisturizer,65.0,665,15115,4.1729,1.7,0,0,0,0,0,0,0,0,0,0,0,0,0,0,0,0,0,0,0,0,0,0,0,0,0,0,0,1,0,0,0,0,0,0,0,0,4.4,0.63,38.24
222,boscia,Cactus Water Moisturizer,38.0,1000,22758,4.3188,1.61,0,0,0,0,0,0,0,0,0,0,0,0,0,0,0,0,0,0,0,0,0,0,0,0,0,0,0,1,0,0,0,0,0,0,0,0,4.39,0.43,23.6
223,SK-II,Cellumination Cream EX,160.0,100,3843,4.32,1.6,0,0,0,0,0,0,0,0,0,0,0,0,0,0,0,0,0,0,0,0,0,0,0,0,0,0,0,1,0,0,0,0,0,0,0,0,2.6,4.32,100.0
224,Kiehl's Since 1851,Daily Reviving Concentrate,47.0,88,18345,4.625,1.0,0,0,0,0,0,0,0,0,0,0,0,0,0,0,0,0,1,0,0,0,0,0,0,0,0,0,0,0,0,0,0,0,0,0,0,0,0.48,5.26,47.0
225,AMOREPACIFIC,The Essential Creme Fluid,98.0,138,7632,4.0942,3.0,0,0,0,0,0,0,0,0,0,0,0,0,0,0,0,0,0,0,0,0,0,0,0,0,0,0,0,1,0,0,0,0,0,0,0,0,1.81,2.97,32.67
226,philosophy,Purity Made Simple Ultra-Light Moisturizer,25.0,388,11012,4.4716,4.7,0,0,0,0,0,0,0,0,0,0,0,0,0,0,0,0,0,0,0,0,0,0,0,0,0,0,0,1,0,0,0,0,0,0,0,0,3.52,1.15,5.32
227,Lanc√¥me,Renergie Lift Multi-Action Night,122.0,38,3729,4.3684,2.6,0,0,0,0,0,0,0,0,0,0,0,0,0,0,0,0,0,0,0,0,0,0,0,0,0,0,0,1,0,0,0,0,0,0,0,0,1.02,11.5,46.92
228,Dr. Brandt Skincare,Do Not Age with Dr. Brandt Moisturizing Neck Cream,67.0,84,4678,4.119,1.7,0,0,0,0,0,0,0,0,0,1,0,0,0,0,0,0,0,0,0,0,0,0,0,0,0,0,0,0,0,0,0,0,0,0,0,0,1.8,4.9,39.41
229,Herbivore,Jasmine Green Tea Balancing Toner,39.0,198,24164,4.1364,4.0,1,0,0,0,0,0,0,0,0,0,0,0,0,0,0,0,0,0,0,0,0,0,0,0,0,0,0,0,0,0,0,0,0,1,0,0,0.82,2.09,9.75
230,First Aid Beauty,Hello FAB Coconut Water Cream,34.0,536,25694,4.0951,1.7,0,0,0,0,0,0,0,0,0,0,0,0,0,0,0,0,0,0,0,0,0,0,0,0,0,0,0,1,0,0,0,0,0,0,0,0,2.09,0.76,20.0
231,Erborian,CC Red Correct Automatic Perfector Broad Spectrum SPF 25,44.0,22,3015,4.2273,1.5,0,0,1,0,0,0,0,0,0,0,0,0,0,0,0,0,0,0,0,0,0,0,0,0,0,0,0,0,0,0,0,0,0,0,0,0,0.73,19.22,29.33
232,Dr. Dennis Gross Skincare,Ferulic + Retinol Wrinkle Recovery Overnight Serum,88.0,78,10538,4.2564,1.0,0,0,0,0,0,0,0,0,0,0,0,0,0,0,0,0,1,0,0,0,0,0,0,0,0,0,0,0,0,0,0,0,0,0,0,0,0.74,5.46,88.0
233,CLINIQUE,Turnaround Overnight Revitalizing Moisturizer,42.0,314,14464,4.5382,1.7,0,0,0,0,0,0,0,0,0,0,0,0,0,0,0,0,0,0,0,0,0,0,0,0,0,0,0,0,1,0,0,0,0,0,0,0,2.17,1.45,24.71
234,Guerlain,Midnight Secret Late Night Recovery Treatment,29.5,27,17527,4.1852,0.5,0,0,0,0,0,0,0,0,0,0,0,0,0,0,0,0,0,0,0,0,0,0,0,0,0,0,0,0,1,0,0,0,0,0,0,0,0.15,15.5,59.0
235,Biossance,Squalane + Antioxidant Cleansing Oil,30.0,203,14343,4.4039,6.8,1,0,0,0,0,0,0,0,0,0,0,0,0,0,0,0,0,0,1,0,0,0,0,0,0,0,0,0,0,0,0,0,0,0,0,0,1.42,2.17,4.41
236,Origins,Plantscription‚ SPF 25 Power Anti-Aging Cream,60.0,35,5366,4.4286,1.7,1,0,0,0,0,0,0,0,0,0,0,0,0,0,0,0,0,0,0,0,0,0,0,0,0,0,0,1,0,0,0,0,0,0,0,0,0.65,12.65,35.29
237,Shiseido,Eudermine Revitalizing Essence ,60.0,260,24699,4.4692,4.2,0,0,0,0,0,0,0,0,0,0,0,0,0,0,0,0,0,0,0,0,0,0,0,0,0,1,0,0,0,0,0,0,0,0,0,0,1.05,1.72,14.29
238,First Aid Beauty,Ultra Repair BarriAIR Cream,30.0,204,11275,3.9951,1.5,0,0,0,0,0,0,0,0,0,0,0,0,0,0,0,0,0,0,0,0,0,0,0,0,0,0,0,1,0,0,0,0,0,0,0,0,1.81,1.96,20.0
239,belif,Hungarian Water Essence,42.0,337,21305,4.2641,2.53,0,0,0,0,0,0,0,0,0,0,0,0,0,0,0,0,0,0,0,0,0,0,0,0,0,1,0,0,0,0,0,0,0,0,0,0,1.58,1.27,16.6
240,philosophy,anti-wrinkle miracle worker+ line-correcting moisturizer,64.0,54,600,4.2778,2.0,0,0,0,0,0,0,0,0,0,0,0,0,0,0,0,0,0,0,0,0,0,0,0,0,0,0,0,1,0,0,0,0,0,0,0,0,9.0,7.92,32.0
241,Perricone MD,Cold Plasma Plus+ Neck & Chest Broad Spectrum SPF 25,89.0,225,1835,4.4578,1.0,0,0,0,0,0,0,0,0,0,1,0,0,0,0,0,0,0,0,0,0,0,0,0,0,0,0,0,0,0,0,0,0,0,0,0,0,12.26,1.98,89.0
243,CLINIQUE,Moisture Surge Overnight Mask,35.0,364,26041,4.4698,3.4,0,0,0,0,0,0,0,0,0,0,0,0,0,1,0,0,0,0,0,0,0,0,0,0,0,0,0,0,0,0,0,0,0,0,0,0,1.4,1.23,10.29
244,AMOREPACIFIC,Treatment Toner ,50.0,156,12813,4.4038,3.4,0,0,0,0,0,0,0,0,0,0,0,0,0,0,0,0,0,0,0,0,0,0,0,0,0,0,0,0,0,0,0,0,0,1,0,0,1.22,2.82,14.71
245,Herbivore,Rose Hibiscus Coconut Water Hydrating Face Mist,32.0,368,46859,4.0516,4.0,1,0,0,0,0,0,0,0,0,0,0,0,0,0,0,0,0,0,0,0,0,0,0,0,0,1,0,0,0,0,0,0,0,0,0,0,0.79,1.1,8.0
246,Algenist,Ultra Lightweight UV Defense Fluid SPF 50,28.0,379,17935,4.4406,1.0,0,0,0,0,0,0,0,0,0,0,0,0,0,0,0,0,0,1,0,0,0,0,0,0,0,0,0,0,0,0,0,0,0,0,0,0,2.11,1.17,28.0
247,MILK MAKEUP,Cooling Water Mini,14.0,233,21873,3.3305,0.21,0,0,0,0,0,0,0,0,0,0,0,0,0,0,0,0,0,0,0,0,0,0,0,0,0,0,0,1,0,0,0,0,0,0,0,0,1.07,1.43,66.67
248,Tatcha,The Water Gel,65.0,294,31178,3.8367,1.7,1,0,0,0,0,0,0,0,0,0,0,0,0,0,0,0,0,0,0,0,0,0,0,0,0,0,0,1,0,0,0,0,0,0,0,0,0.94,1.31,38.24
249,Bobbi Brown,Hydrating Face Cream Moisturizer,60.0,196,10806,4.2551,1.7,0,0,0,0,0,0,0,0,0,0,0,0,0,0,0,0,0,0,0,0,0,0,0,0,0,0,0,1,0,0,0,0,0,0,0,0,1.81,2.17,35.29
250,Saturday Skin,Waterfall Glacier Water Cream,39.0,1000,17714,4.5785,1.69,0,0,0,0,0,0,0,0,0,0,0,0,0,0,0,0,0,0,0,0,0,0,0,0,0,0,0,1,0,0,0,0,0,0,0,0,5.65,0.46,23.08
251,Caudalie,Vine[activ] Overnight Detox Oil,50.0,128,18466,4.4766,1.0,1,0,0,0,0,0,0,0,0,0,0,0,0,0,1,0,0,0,0,0,0,0,0,0,0,0,0,0,0,0,0,0,0,0,0,0,0.69,3.5,50.0
252,Supergoop!,Super Power Sunscreen Mousse Broad Spectrum SPF 50,34.0,130,8719,4.3846,7.1,1,0,0,0,0,0,0,0,0,0,0,0,0,0,0,0,0,1,0,0,0,0,0,0,0,0,0,0,0,0,0,0,0,0,0,0,1.49,3.37,4.79
253,Peter Thomas Roth,Potent-C‚ Vitamin C Bright & Plump Moisturizer,68.0,22,1555,4.4091,1.7,0,0,0,0,0,0,0,0,0,0,0,0,0,0,0,0,0,0,0,0,0,0,0,0,0,0,0,1,0,0,0,0,0,0,0,0,1.41,20.04,40.0
254,Caudalie,Resveratrol Lift Face Lifting Soft Cream,76.0,111,7801,3.982,1.7,1,0,0,0,0,0,0,0,0,0,0,0,0,0,0,0,0,0,0,0,0,0,0,0,0,0,0,1,0,0,0,0,0,0,0,0,1.42,3.59,44.71
255,boscia,Skin Perfecting BB Cream Broad Spectrum SPF 30,38.0,33,1981,4.0606,1.7,1,0,1,0,0,0,0,0,0,0,0,0,0,0,0,0,0,0,0,0,0,0,0,0,0,0,0,0,0,0,0,0,0,0,0,0,1.67,12.3,22.35
256,FARS√ÅLI,Volcanic Elixir Polynesian Beauty Oil,39.0,627,21962,4.4577,1.0,0,0,0,0,0,0,0,0,0,0,0,0,0,0,1,0,0,0,0,0,0,0,0,0,0,0,0,0,0,0,0,0,0,0,0,0,2.85,0.71,39.0
257,Biossance,100% Squalane Oil,58.0,195,19197,4.5795,3.4,1,0,0,0,0,0,0,0,0,0,0,0,0,0,1,0,0,0,0,0,0,0,0,0,0,0,0,0,0,0,0,0,0,0,0,0,1.02,2.35,17.06
258,LANEIGE,BB Cushion Pore Blur,38.0,84,13072,3.9286,0.5,0,0,1,0,0,0,0,0,0,0,0,0,0,0,0,0,0,0,0,0,0,0,0,0,0,0,0,0,0,0,0,0,0,0,0,0,0.64,4.68,76.0
259,First Aid Beauty,5 in 1 Face Cream SPF 30,40.0,467,11510,3.9165,1.7,0,0,0,0,0,0,0,0,0,0,0,0,0,0,0,0,0,0,0,0,0,0,0,0,0,0,0,1,0,0,0,0,0,0,0,0,4.06,0.84,23.53
260,CLINIQUE,Superdefense SPF 20 Age Defense Moisturizer Very Dry to Dry Combination,48.0,262,4873,4.3664,1.7,0,0,0,0,0,0,0,0,0,0,0,0,0,0,0,0,0,0,0,0,0,0,0,0,0,0,0,1,0,0,0,0,0,0,0,0,5.38,1.67,28.24
261,Shiseido,Benefiance WrinkleResist24 Day Emulsion Broad Spectrum SPF 15,60.0,103,5051,4.2913,2.5,0,0,0,0,0,0,0,0,0,0,0,0,0,0,0,0,0,0,0,0,0,0,0,0,0,0,0,1,0,0,0,0,0,0,0,0,2.04,4.17,24.0
262,CLINIQUE,Dramatically Different Hydrating Jelly,28.0,530,20703,3.9094,4.2,0,0,0,0,0,0,0,0,0,0,0,0,0,0,0,0,0,0,0,0,0,0,0,0,0,0,0,1,0,0,0,0,0,0,0,0,2.56,0.74,6.67
263,Josie Maran,100 percent Pure Argan Oil Light ,49.0,1000,35934,4.3933,1.7,1,0,0,0,0,0,0,0,0,0,0,0,0,0,1,0,0,0,0,0,0,0,0,0,0,0,0,0,0,0,0,0,0,0,0,0,2.78,0.44,28.82
264,Biossance,Squalane + Tea Tree Detox Mask,39.0,117,3704,4.4188,2.53,1,0,0,0,0,0,0,0,0,0,0,0,0,1,0,0,0,0,0,0,0,0,0,0,0,0,0,0,0,0,0,0,0,0,0,0,3.16,3.78,15.42
265,Skinfix,Eczema+ Dermatitis Face Balm,28.0,51,501,4.6275,0.48,1,0,0,0,0,0,0,0,0,0,0,0,0,0,0,0,0,0,0,0,0,0,0,0,0,0,0,1,0,0,0,0,0,0,0,0,10.18,9.07,58.33
266,Clarins,Extra-Firming Neck Anti-Wrinkle Rejuvenating Cream,90.0,91,6413,4.1209,1.6,0,0,0,0,0,0,0,0,0,1,0,0,0,0,0,0,0,0,0,0,0,0,0,0,0,0,0,0,0,0,0,0,0,0,0,0,1.42,4.53,56.25
267,philosophy,Ultimate Miracle Worker Multi-Rejuvenating Cream SPF 30,75.0,95,7193,3.9895,2.0,0,0,0,0,0,0,0,0,0,0,0,0,0,0,0,0,0,0,0,0,0,0,0,0,0,0,0,1,0,0,0,0,0,0,0,0,1.32,4.2,37.5
268,Josie Maran,Argan Cleansing Oil,34.0,1000,24332,4.0899,6.0,1,0,0,0,0,0,0,0,0,0,0,0,0,0,1,0,0,0,0,0,0,0,0,0,0,0,0,0,0,0,0,0,0,0,0,0,4.11,0.41,5.67
269,Algenist,Regenerative Anti-Aging Moisturizer,94.0,207,4466,4.3285,2.0,0,0,0,0,0,0,0,0,0,0,0,0,0,0,0,0,0,0,0,0,0,0,0,0,0,0,0,1,0,0,0,0,0,0,0,0,4.64,2.09,47.0
270,Josie Maran,Skin Dope Argan + Hemp Oil,65.0,38,3856,4.5263,1.7,1,0,0,0,0,0,0,0,0,0,0,0,0,0,1,0,0,0,0,0,0,0,0,0,0,0,0,0,0,0,0,0,0,0,0,0,0.99,11.91,38.24
271,Kate Somerville,RetAsphere‚Ñ¢ 2-in-1 Retinol Night Cream ,85.0,163,12111,4.2945,1.0,0,0,0,0,0,0,0,0,0,0,0,0,0,0,0,0,0,0,0,0,0,0,0,0,0,0,0,0,1,0,0,0,0,0,0,0,1.35,2.63,85.0
272,COOLA,Makeup Setting Spray SPF 30 ,36.0,401,17234,3.414,1.7,1,0,0,0,0,0,0,0,0,0,0,0,0,0,0,0,0,1,0,0,0,0,0,0,0,0,0,0,0,0,0,0,0,0,0,0,2.33,0.85,21.18
273,Kate Somerville,ExfoliKate Glow Moisturizer,65.0,976,9077,4.5625,1.7,0,0,0,0,0,0,0,0,0,0,0,0,0,0,0,0,0,0,0,0,0,0,0,0,0,0,0,1,0,0,0,0,0,0,0,0,10.75,0.47,38.24
274,Lanc√¥me,BIENFAIT MULTI-VITAL NIGHT - High Potency Night Moisturizing Cream VITA-NUTRI 8‚Ñ¢,54.0,100,7274,4.49,1.69,0,0,0,0,0,0,0,0,0,0,0,0,0,0,0,0,0,0,0,0,0,0,0,0,0,0,0,1,0,0,0,0,0,0,0,0,1.37,4.49,31.95
275,Kat Von D,Lock-It Makeup Setting Mist,27.0,468,43795,4.141,4.0,0,0,0,0,0,0,0,0,0,0,0,0,0,0,0,0,0,0,0,0,0,0,0,0,0,1,0,0,0,0,0,0,0,0,0,0,1.07,0.88,6.75
276,Caudalie,Premier Cru Cream,140.0,21,2501,4.4286,1.7,1,0,0,0,0,0,0,0,0,0,0,0,0,0,0,0,0,0,0,0,0,0,0,0,0,0,0,1,0,0,0,0,0,0,0,0,0.84,21.09,82.35
277,GLAMGLOW,VOLCASMIC‚Ñ¢ Matte Glow Moisturizer,49.0,575,27646,4.0974,1.7,0,0,0,0,0,0,0,0,0,0,0,0,0,0,0,0,0,0,0,0,0,0,0,0,0,0,0,1,0,0,0,0,0,0,0,0,2.08,0.71,28.82
278,Dior,Capture Dreamskin Fresh & Perfect Cushion Broad Spectrum SPF 50 Refill,42.0,17,2818,4.5294,0.5,0,0,0,0,0,0,0,0,0,0,0,0,0,0,0,0,0,0,0,0,0,0,0,0,0,0,0,1,0,0,0,0,0,0,0,0,0.6,26.64,84.0
279,GLAMGLOW,Waterburst‚Ñ¢ Hydrated Glow Moisturizer,52.0,284,25575,4.3028,1.7,0,0,0,0,0,0,0,0,0,0,0,0,0,0,0,0,0,0,0,0,0,0,0,0,0,0,0,1,0,0,0,0,0,0,0,0,1.11,1.52,30.59
280,IT Cosmetics,Bye Bye Redness Skin Relief Treatment Moisturizer,48.0,17,1773,4.0588,2.0,0,0,0,0,0,0,0,0,0,0,0,0,0,0,0,0,0,0,0,0,0,0,0,0,0,0,0,1,0,0,0,0,0,0,0,0,0.96,23.88,24.0
281,KORRES,Pomegranate Balancing Cream-Gel Moisturiser ,34.0,545,17150,4.2697,1.35,1,0,0,0,0,0,0,0,0,0,0,0,0,0,0,0,0,0,0,0,0,0,0,0,0,0,0,1,0,0,0,0,0,0,0,0,3.18,0.78,25.19
282,Shiseido,Pureness Matifying Moisturizer Oil-Free,33.5,336,7603,4.0446,1.6,0,0,0,0,0,0,0,0,0,0,0,0,0,0,0,0,0,0,0,0,0,0,0,0,0,0,0,1,0,0,0,0,0,0,0,0,4.42,1.2,20.94
283,CLINIQUE,Even Better Skin Tone Correcting Moisturizer Broad Spectrum SPF 20,50.0,399,11247,4.1454,1.7,0,0,0,0,0,0,0,0,0,0,0,0,0,0,0,0,0,0,0,0,0,0,0,0,0,0,0,1,0,0,0,0,0,0,0,0,3.55,1.04,29.41
284,SK-II,GenOptics Spot Essence Serum,225.0,95,3070,4.1895,1.6,0,0,0,0,0,0,0,0,0,0,0,0,0,0,0,0,1,0,0,0,0,0,0,0,0,0,0,0,0,0,0,0,0,0,0,0,3.09,4.41,140.62
285,philosophy,Renewed Hope in a Jar Skin Tint,39.0,153,9293,4.0261,1.0,0,0,0,0,0,0,0,0,0,0,0,0,0,0,0,0,0,0,0,0,0,0,0,0,0,0,0,1,0,0,0,0,0,0,0,0,1.65,2.63,39.0
286,tarte,Maracuja Neck Treatment,44.0,93,14273,3.8817,1.7,0,0,0,0,0,0,0,0,0,1,0,0,0,0,0,0,0,0,0,0,0,0,0,0,0,0,0,0,0,0,0,0,0,0,0,0,0.65,4.17,25.88
287,Origins,Plantscription‚ Youth-Renewing Power Night Cream,60.0,9,2261,4.5556,1.7,1,0,0,0,0,0,0,0,0,0,0,0,0,0,0,0,0,0,0,0,0,0,0,0,0,0,0,0,1,0,0,0,0,0,0,0,0.4,50.62,35.29
288,Origins,Plantscription‚ SPF 25 Power Anti-Aging Oil-Free Cream,60.0,29,4212,4.4828,1.7,1,0,0,0,0,0,0,0,0,0,0,0,0,0,0,0,0,0,0,0,0,0,0,0,0,0,0,1,0,0,0,0,0,0,0,0,0.69,15.46,35.29
289,Clarins,Extra-Firming Wrinkle Control Regenerating Night Cream,93.0,1,1147,5.0,1.6,0,0,0,0,0,0,0,0,0,0,0,0,0,0,0,0,0,0,0,0,0,0,0,0,0,0,0,0,1,0,0,0,0,0,0,0,0.09,500.0,58.12
290,Perricone MD,High Potency Classics: Face Finishing & Firming Moisturizer Tint SPF 30,69.0,284,3484,4.2746,2.0,0,0,0,0,0,0,0,0,0,0,0,0,0,0,0,0,0,0,0,0,0,0,0,0,0,0,0,1,0,0,0,0,0,0,0,0,8.15,1.51,34.5
291,Mario Badescu,"Facial Spray with Aloe, Cucumber and Green Tea",12.0,44,7977,4.1364,8.0,0,0,0,0,0,0,0,0,0,0,0,0,0,0,0,0,0,0,0,0,0,0,0,0,0,1,0,0,0,0,0,0,0,0,0,0,0.55,9.4,1.5
292,Glow Recipe,Avocado Melt Sleeping Mask,45.0,438,51786,3.8333,2.7,1,0,0,0,0,0,0,0,0,0,0,0,0,1,0,0,0,0,0,0,0,0,0,0,0,0,0,0,0,0,0,0,0,0,0,0,0.85,0.88,16.67
293,Peter Thomas Roth,Mega Rich Intensive Anti-Aging Cellular Creme,85.0,174,6355,4.5287,1.7,0,0,0,0,0,0,0,0,0,0,0,0,0,0,0,0,0,0,0,0,0,0,0,0,0,0,0,1,0,0,0,0,0,0,0,0,2.74,2.6,50.0
294,Shiseido,Benefiance Wrinkleresist24 Travel Duo Day & Night,45.0,1,867,5.0,,0,0,0,0,0,0,0,0,0,0,0,0,0,0,0,0,0,0,0,0,0,0,0,0,0,0,0,0,0,0,0,0,0,0,0,1,0.12,500.0,
295,Shiseido,Ibuki Protective Moisturizer Broad Spectrum SPF 18,45.0,92,5118,3.9022,2.5,0,0,0,0,0,0,0,0,0,0,0,0,0,0,0,0,0,0,0,0,0,0,0,0,0,0,0,1,0,0,0,0,0,0,0,0,1.8,4.24,18.0
296,IT Cosmetics,Confidence in a Gel Lotion,36.0,292,3003,4.7842,2.5,0,0,0,0,0,0,0,0,0,0,0,0,0,0,0,0,0,0,0,0,0,0,0,0,0,0,0,1,0,0,0,0,0,0,0,0,9.72,1.64,14.4
297,OLEHENRIKSEN,Truth Revealed‚ Brightening Broad Spectrum SPF 15 Moisturizer,55.0,399,11596,4.2431,1.7,0,0,0,0,0,0,0,0,0,0,0,0,0,0,0,0,0,0,0,0,0,0,0,0,0,0,0,1,0,0,0,0,0,0,0,0,3.44,1.06,32.35
299,Jack Black,Clean Break‚ Oil-Free Moisturizer,30.0,77,4580,4.4805,3.3,0,0,0,0,0,0,0,0,0,0,0,0,0,0,0,0,0,0,0,0,0,0,0,0,0,0,1,0,0,0,0,0,0,0,0,0,1.68,5.82,9.09
300,Algenist,Firming & Lifting Neck Cream,98.0,32,4330,3.875,2.0,0,0,0,0,0,0,0,0,0,1,0,0,0,0,0,0,0,0,0,0,0,0,0,0,0,0,0,0,0,0,0,0,0,0,0,0,0.74,12.11,49.0
301,Mario Badescu,"Facial Spray with Aloe, Chamomile and Lavender",12.0,25,6470,4.52,8.0,0,0,0,0,0,0,0,0,0,0,0,0,0,0,0,0,0,0,0,0,0,0,0,0,0,1,0,0,0,0,0,0,0,0,0,0,0.39,18.08,1.5
302,Fresh,Cr√®me Ancienne¬Æ,296.0,180,9362,4.4056,3.5,0,0,0,0,0,0,0,0,0,0,0,0,0,0,0,0,0,0,0,0,0,0,0,0,0,0,0,1,0,0,0,0,0,0,0,0,1.92,2.45,84.57
303,Algenist,Overnight Restorative Cream,94.0,229,7646,4.4192,2.0,0,0,0,0,0,0,0,0,0,0,0,0,0,0,0,0,0,0,0,0,0,0,0,0,0,0,0,0,1,0,0,0,0,0,0,0,3.0,1.93,47.0
304,Saturday Skin,Featherweight Daily Moisturizing Cream,49.0,865,12626,4.5491,1.69,0,0,0,0,0,0,0,0,0,0,0,0,0,0,0,0,0,0,0,0,0,0,0,0,0,0,0,1,0,0,0,0,0,0,0,0,6.85,0.53,28.99
305,Algenist,POWER Recharging Night Pressed Serum,95.0,164,7961,4.3841,2.0,0,0,0,0,0,0,0,0,0,0,0,0,0,0,0,0,0,0,0,0,0,0,0,0,0,0,0,0,1,0,0,0,0,0,0,0,2.06,2.67,47.5
306,Est√©e Lauder,Advanced Time Zone Night Age Reversing Line/Wrinkle Cr√®me,80.0,26,6317,4.5385,1.7,0,0,0,0,0,0,0,0,0,0,0,0,0,0,0,0,0,0,0,0,0,0,0,0,0,0,0,0,1,0,0,0,0,0,0,0,0.41,17.46,47.06
307,Dr. Jart+,Water Fuse Ultimate Hydro Gel,39.0,224,14282,4.0982,1.7,0,0,0,0,0,0,0,0,0,0,0,0,0,0,0,0,0,0,0,0,0,0,0,0,0,0,0,1,0,0,0,0,0,0,0,0,1.57,1.83,22.94
308,Josie Maran,Argan Infinity Cream Intensive Creamy Oil,28.0,1000,24831,4.5201,2.2,1,0,0,0,0,0,0,0,0,0,0,0,0,0,1,0,0,0,0,0,0,0,0,0,0,0,0,0,0,0,0,0,0,0,0,0,4.03,0.45,12.73
309,Dr. Brandt Skincare,Hydro Biotic‚ Recovery Sleeping Mask,52.0,989,8427,4.6208,,0,0,0,0,0,0,0,0,0,0,0,0,0,1,0,0,0,0,0,0,0,0,0,0,0,0,0,0,0,0,0,0,0,0,0,0,11.74,0.47,
310,Dr. Jart+,Water Drop Hydrating Moisturizer,36.0,569,18939,4.0773,3.3,0,0,0,0,0,0,0,0,0,0,0,0,0,0,0,0,0,0,0,0,0,0,0,0,0,0,0,1,0,0,0,0,0,0,0,0,3.0,0.72,10.91
311,Peter Thomas Roth,Max Sheer All Day Moisture Defense Lotion SPF 30 Sunscreen Lotion,42.0,492,6641,4.0427,1.7,0,0,0,0,0,0,0,0,0,0,0,0,0,0,0,0,0,1,0,0,0,0,0,0,0,0,0,0,0,0,0,0,0,0,0,0,7.41,0.82,24.71
312,Caudalie,Make-Up Removing Cleansing Oil,28.0,160,12218,4.425,3.38,1,0,0,0,0,0,0,0,0,0,0,0,0,0,0,0,0,0,1,0,0,0,0,0,0,0,0,0,0,0,0,0,0,0,0,0,1.31,2.77,8.28
313,Perricone MD,Hypoallergenic Nourishing Moisturizer,69.0,378,3022,4.463,2.0,0,0,0,0,0,0,0,0,0,0,0,0,0,0,0,0,0,0,0,0,0,0,0,0,0,0,0,1,0,0,0,0,0,0,0,0,12.51,1.18,34.5
314,Herbivore,Moon Fruit Superfruit Night Treatment,58.0,293,23473,4.0375,,1,0,0,0,0,0,0,0,0,0,0,0,0,0,0,0,0,0,0,0,0,0,0,0,0,0,0,0,1,0,0,0,0,0,0,0,1.25,1.38,
315,Kiehl's Since 1851,Ultra Facial Moisturizer SPF 30,32.0,26,3614,3.7692,4.2,0,0,0,0,0,0,0,0,0,0,0,0,0,0,0,0,0,0,0,0,0,0,0,0,0,0,0,1,0,0,0,0,0,0,0,0,0.72,14.5,7.62
316,REN Clean Skincare,Glow Daily Vitamin C Gel Cream,48.0,11,2514,4.5455,1.7,0,0,0,0,0,0,0,0,0,0,0,0,0,0,0,0,0,0,0,0,0,0,0,0,0,0,0,1,0,0,0,0,0,0,0,0,0.44,41.32,28.24
317,Dermalogica,Prisma Protect SPF 30 Moisturizer,65.0,90,999,4.4111,1.7,0,0,0,0,0,0,0,0,0,0,0,0,0,0,0,0,0,0,0,0,0,0,0,0,0,0,0,1,0,0,0,0,0,0,0,0,9.01,4.9,38.24
318,Lanc√¥me,Bienfait Multi-Vital Sunscreen Lotion Broad Spectrum SPF 30,50.0,132,3317,4.1591,1.69,0,0,0,0,0,0,0,0,0,0,0,0,0,0,0,0,0,0,0,0,0,0,0,0,0,0,0,1,0,0,0,0,0,0,0,0,3.98,3.15,29.59
319,Guerlain,Lingerie de Peau BB Cream,54.0,192,10349,4.3021,,0,0,1,0,0,0,0,0,0,0,0,0,0,0,0,0,0,0,0,0,0,0,0,0,0,0,0,0,0,0,0,0,0,0,0,0,1.86,2.24,
320,Obagi Clinical,Retinol 0.5 Retexturizing Cream,55.0,97,1818,4.3196,1.0,0,0,0,0,0,0,0,0,0,0,0,0,0,0,0,0,1,0,0,0,0,0,0,0,0,0,0,0,0,0,0,0,0,0,0,0,5.34,4.45,55.0
321,Biossance,Squalane + Tea Tree Cleansing Gel,29.0,126,4077,4.4444,5.07,1,0,0,0,0,0,0,0,0,0,0,0,0,0,0,0,0,0,1,0,0,0,0,0,0,0,0,0,0,0,0,0,0,0,0,0,3.09,3.53,5.72
322,LANEIGE,Time Freeze Sleeping Mask,39.0,53,12149,4.3585,2.0,0,0,0,0,0,0,0,0,0,0,0,0,0,1,0,0,0,0,0,0,0,0,0,0,0,0,0,0,0,0,0,0,0,0,0,0,0.44,8.22,19.5
323,Clarins,Multi-Active Night Cream - Normal to Combination Skin,58.0,47,4856,4.1915,1.6,0,0,0,0,0,0,0,0,0,0,0,0,0,0,0,0,0,0,0,0,0,0,0,0,0,0,0,0,1,0,0,0,0,0,0,0,0.97,8.92,36.25
324,Fresh,Black Tea Age-Delay Cream,90.0,320,10894,4.175,1.6,0,0,0,0,0,0,0,0,0,0,0,0,0,0,0,0,0,0,0,0,0,0,0,0,0,0,0,1,0,0,0,0,0,0,0,0,2.94,1.3,56.25
325,Kiehl's Since 1851,Glow Formula Skin Hydrator,38.0,70,8934,3.6286,1.7,0,0,0,0,0,0,0,0,0,0,0,0,0,0,0,0,0,0,0,0,0,0,0,0,0,0,0,1,0,0,0,0,0,0,0,0,0.78,5.18,22.35
326,philosophy,Renewed Hope in A Jar Overnight Recharging & Refining Moisturizer,49.0,112,9198,4.4375,2.0,0,0,0,0,0,0,0,0,0,0,0,0,0,0,0,0,0,0,0,0,0,0,0,0,0,0,0,0,1,0,0,0,0,0,0,0,1.22,3.96,24.5
327,Farmacy,Honey Savior All-in-One Skin Repair Salve with Echinacea GreenEnvy‚Ñ¢ Honey,34.0,327,16162,4.5107,1.6,1,0,0,0,0,0,0,0,0,0,0,0,0,0,0,0,0,0,0,0,0,0,0,0,0,0,1,0,0,0,0,0,0,0,0,0,2.02,1.38,21.25
328,Clarins,Extra-Firming Wrinkle Control Firming Day Cream SPF 15,87.0,4,1067,5.0,1.7,0,0,0,0,0,0,0,0,0,0,0,0,0,0,0,0,0,0,0,0,0,0,0,0,0,0,0,1,0,0,0,0,0,0,0,0,0.37,125.0,51.18
330,Tata Harper,Retinoic Nutrient Face Oil,48.0,51,6082,4.3726,0.33,1,0,0,0,0,0,0,0,0,0,0,0,0,0,1,0,0,0,0,0,0,0,0,0,0,0,0,0,0,0,0,0,0,0,0,0,0.84,8.57,145.45
331,Kate Somerville,Goat Milk Moisturizing Cream,65.0,485,13720,4.1567,1.7,0,0,0,0,0,0,0,0,0,0,0,0,0,0,0,0,0,0,0,0,0,0,0,0,0,0,0,1,0,0,0,0,0,0,0,0,3.53,0.86,38.24
332,Kiehl's Since 1851,Clearly Corrective‚Ñ¢ Brightening and Smoothing Moisture Treatment,58.0,28,7004,4.3214,1.7,0,0,0,0,0,0,0,0,0,0,0,0,0,0,0,0,0,0,0,0,0,0,0,0,0,0,0,1,0,0,0,0,0,0,0,0,0.4,15.43,34.12
333,Lanc√¥me,Hydra Zen Anti-Stress Gel Moisturizer,48.0,1000,3334,4.5852,1.7,0,0,0,0,0,0,0,0,0,0,0,0,0,0,0,0,0,0,0,0,0,0,0,0,0,0,0,1,0,0,0,0,0,0,0,0,29.99,0.46,28.24
334,Est√©e Lauder,Nutritious Super-Pomegranate Radiant Energy Moisture Cr√®me,68.0,31,4425,3.9677,,0,0,0,0,0,0,0,0,0,0,0,0,0,0,0,0,0,0,0,0,0,0,0,0,0,0,0,1,0,0,0,0,0,0,0,0,0.7,12.8,
335,Omorovicza,Queen of Hungary Mist,90.0,89,14112,4.3258,3.4,1,0,0,0,0,0,0,0,0,0,0,0,0,0,0,0,0,0,0,0,0,0,0,0,0,1,0,0,0,0,0,0,0,0,0,0,0.63,4.86,26.47
336,Kiehl's Since 1851,Ultra Facial Overnight Hydrating Mask,35.0,51,10664,4.4118,4.2,0,0,0,0,0,0,0,0,0,0,0,0,0,0,0,0,0,0,0,0,0,0,0,0,0,0,0,0,1,0,0,0,0,0,0,0,0.48,8.65,8.33
337,Shiseido,Bio-Performance Advanced Super Restoring Cream,127.0,41,3695,4.3659,2.6,0,0,0,0,0,0,0,0,0,0,0,0,0,0,0,0,0,0,0,0,0,0,0,0,0,0,0,1,0,0,0,0,0,0,0,0,1.11,10.65,48.85
338,AMOREPACIFIC,Treatment Cleansing Oil Face & Eyes,50.0,274,6364,4.1861,6.8,0,0,0,0,0,0,0,0,0,0,0,0,0,0,1,0,0,0,0,0,0,0,0,0,0,0,0,0,0,0,0,0,0,0,0,0,4.31,1.53,7.35
339,Go-To ,Face Hero,34.0,92,9941,4.6413,1.0,1,0,0,0,0,0,0,0,0,0,0,0,0,0,1,0,0,0,0,0,0,0,0,0,0,0,0,0,0,0,0,0,0,0,0,0,0.93,5.04,34.0
340,Tata Harper,Cr√®me Riche Velvet Moisturizing Cream,185.0,11,898,4.0909,1.7,1,0,0,0,0,0,0,0,0,0,0,0,0,0,0,0,0,0,0,0,0,0,0,0,0,0,0,1,0,0,0,0,0,0,0,0,1.22,37.19,108.82
341,Naturally Serious,Skin Warrior Anti-Pollution Repair Cream,46.0,47,1258,3.8511,1.7,1,0,0,0,0,0,0,0,0,0,0,0,0,0,0,0,0,0,0,0,0,0,0,0,0,0,0,1,0,0,0,0,0,0,0,0,3.74,8.19,27.06
342,Skinfix,Barrier+ Lipid-Peptide Lotion,38.0,4,512,5.0,1.7,1,0,0,0,0,0,0,0,0,0,0,0,0,0,0,0,0,0,0,0,0,0,0,0,0,0,0,1,0,0,0,0,0,0,0,0,0.78,125.0,22.35
343,Shiseido,Bio-Performance Glow Revival Cream,108.0,29,3587,4.8276,1.7,0,0,0,0,0,0,0,0,0,0,0,0,0,0,0,0,0,0,0,0,0,0,0,0,0,0,0,1,0,0,0,0,0,0,0,0,0.81,16.65,63.53
344,J.One,Jelly Pack,42.0,337,21617,4.3383,1.69,0,0,0,0,0,0,0,0,0,0,0,0,0,0,0,0,0,0,0,0,0,0,0,0,0,0,0,1,0,0,0,0,0,0,0,0,1.56,1.29,24.85
345,Shiseido,White Lucent MultiBright Night Cream,92.0,27,4083,4.1481,1.7,0,0,0,0,0,0,0,0,0,0,0,0,0,0,0,0,0,0,0,0,0,0,0,0,0,0,0,0,1,0,0,0,0,0,0,0,0.66,15.36,54.12
346,boscia,Green Tea Oil-free Moisturizer,38.0,88,6355,4.1818,1.7,1,0,0,0,0,0,0,0,0,0,0,0,0,0,0,0,0,0,0,0,0,0,0,0,0,0,0,1,0,0,0,0,0,0,0,0,1.38,4.75,22.35
347,Tata Harper,Clarifying Moisturizer,110.0,53,3289,3.7925,1.7,1,0,0,0,0,0,0,0,0,0,0,0,0,0,0,0,0,0,0,0,0,0,0,0,0,0,0,1,0,0,0,0,0,0,0,0,1.61,7.16,64.71
348,CLINIQUE,Smart Night Custom-Repair Moisturizer - Very Dry to Dry,58.0,21,4824,4.6667,1.7,0,0,0,0,0,0,0,0,0,0,0,0,0,0,0,0,0,0,0,0,0,0,0,0,0,0,0,0,1,0,0,0,0,0,0,0,0.44,22.22,34.12
349,Shiseido,Benefiance WrinkleResist24 Balancing Softener Enriched,45.0,85,6235,4.5882,,0,0,0,0,0,0,0,0,0,0,0,0,0,0,0,0,0,0,0,0,0,0,0,0,0,1,0,0,0,0,0,0,0,0,0,0,1.36,5.4,
350,First Aid Beauty,Ultra Repair¬Æ Pure Mineral Sunscreen Moisturizer Broad Spectrum SPF 40,30.0,205,10473,3.6,2.0,0,0,0,0,0,0,0,0,0,0,0,0,0,0,0,0,0,0,0,0,0,0,0,0,0,0,0,1,0,0,0,0,0,0,0,0,1.96,1.76,15.0
351,GLAMGLOW,Good in Bed‚Ñ¢ Passionfruit Softening Night Cream,54.0,442,18099,4.2353,1.5,0,0,0,0,0,0,0,0,0,0,0,0,0,0,0,0,0,0,0,0,0,0,0,0,0,0,0,1,0,0,0,0,0,0,0,0,2.44,0.96,36.0
352,CLINIQUE,Moisture Surge Face Spray,25.5,231,18557,4.3377,4.2,0,0,0,0,0,0,0,0,0,0,0,0,0,0,0,0,0,0,0,0,0,0,0,0,0,1,0,0,0,0,0,0,0,0,0,0,1.24,1.88,6.07
354,Omorovicza,Balancing Moisturiser,140.0,35,3128,4.4,1.7,1,0,0,0,0,0,0,0,0,0,0,0,0,0,0,0,0,0,0,0,0,0,0,0,0,0,0,1,0,0,0,0,0,0,0,0,1.12,12.57,82.35
355,Est√©e Lauder,Daywear Advanced Multi-Protection Anti-Oxidant Creme Oil-Free Broad Spectrum SPF 25,54.0,37,3299,3.8108,1.7,0,0,0,0,0,0,0,0,0,0,0,0,0,0,0,0,0,0,0,0,0,0,0,0,0,0,0,1,0,0,0,0,0,0,0,0,1.12,10.3,31.76
356,Murad,Perfecting Day Cream Broad Spectrum SPF 30 PA+++,56.0,152,4888,4.2171,1.7,0,0,0,0,0,0,0,0,0,0,0,0,0,0,0,0,0,0,0,0,0,0,0,0,0,0,0,1,0,0,0,0,0,0,0,0,3.11,2.77,32.94
357,Dermalogica,Skin Smoothing Cream Moisturizer,69.0,67,155,4.4627,3.4,0,0,0,0,0,0,0,0,0,0,0,0,0,0,0,0,0,0,0,0,0,0,0,0,0,0,0,1,0,0,0,0,0,0,0,0,43.23,6.66,20.29
358,Lanc√¥me,ABSOLUE PREMIUM Bx - Absolute Night Recovery Cream,205.0,25,1556,4.04,2.6,0,0,0,0,0,0,0,0,0,0,0,0,0,0,0,0,0,0,0,0,0,0,0,0,0,0,0,0,1,0,0,0,0,0,0,0,1.61,16.16,78.85
359,Peter Thomas Roth,Green Releaf Calming Face Oil,68.0,397,2485,4.5894,1.0,0,0,0,0,0,0,0,0,0,0,0,0,0,0,1,0,0,0,0,0,0,0,0,0,0,0,0,0,0,0,0,0,0,0,0,0,15.98,1.16,68.0
360,Clarins,Hydra-Essentiel Silky Cream - Normal to Dry Skin,48.0,67,4093,4.4328,1.7,0,0,0,0,0,0,0,0,0,0,0,0,0,0,0,0,0,0,0,0,0,0,0,0,0,0,0,1,0,0,0,0,0,0,0,0,1.64,6.62,28.24
361,Kiehl's Since 1851,Powerful Wrinkle Reducing Cream,58.0,8,1583,4.0,1.7,0,0,0,0,0,0,0,0,0,0,0,0,0,0,0,0,0,0,0,0,0,0,0,0,0,0,0,1,0,0,0,0,0,0,0,0,0.51,50.0,34.12
362,L'Occitane,Immortelle Reset Overnight Reset Oil-In Serum,59.0,3,575,5.0,1.0,0,0,0,0,0,0,0,0,0,0,0,0,0,0,0,0,1,0,0,0,0,0,0,0,0,0,0,0,0,0,0,0,0,0,0,0,0.52,166.67,59.0
363,Shiseido,Ibuki Beauty Sleeping Mask,40.0,306,24346,4.366,2.8,0,0,0,0,0,0,0,0,0,0,0,0,0,1,0,0,0,0,0,0,0,0,0,0,0,0,0,0,0,0,0,0,0,0,0,0,1.26,1.43,14.29
364,bareMinerals,BUTTER DRENCH‚Ñ¢ Restorative Rich Cream Moisturizer,38.0,75,5724,4.6933,1.7,0,0,0,0,0,0,0,0,0,0,0,0,0,0,0,0,0,0,0,0,0,0,0,0,0,0,0,1,0,0,0,0,0,0,0,0,1.31,6.26,22.35
366,REN Clean Skincare,Bio Retinoid Anti-Wrinkle Concentrate Oil,69.0,106,8888,4.1604,1.02,1,0,0,0,0,0,0,0,0,0,0,0,0,0,1,0,0,0,0,0,0,0,0,0,0,0,0,0,0,0,0,0,0,0,0,0,1.19,3.92,67.65
367,Fresh,Cr√®me Ancienne¬Æ Soft Cream,148.0,37,4239,4.2432,1.0,0,0,0,0,0,0,0,0,0,0,0,0,0,0,0,0,0,0,0,0,0,0,0,0,0,0,0,1,0,0,0,0,0,0,0,0,0.87,11.47,148.0
368,La Mer,The Moisturizing Soft Lotion,270.0,13,2394,3.4615,1.7,0,0,0,0,0,0,0,0,0,0,0,0,0,0,0,0,0,0,0,0,0,0,0,0,0,0,0,1,0,0,0,0,0,0,0,0,0.54,26.63,158.82
369,Origins,Plantscription‚Ñ¢ Powerful Lifting Neck & D√©collet√© Treatment,64.0,24,4390,4.0417,1.7,1,0,0,0,0,0,0,0,0,1,0,0,0,0,0,0,0,0,0,0,0,0,0,0,0,0,0,0,0,0,0,0,0,0,0,0,0.55,16.84,37.65
370,GLAMGLOW,GLOWSETTER‚Ñ¢ Makeup Setting Spray,32.0,254,31219,4.2323,3.7,0,0,0,0,0,0,0,0,0,0,0,0,0,0,0,0,0,0,0,0,0,0,0,0,0,1,0,0,0,0,0,0,0,0,0,0,0.81,1.67,8.65
371,philosophy,Take a Deep Breath Oil-Free Oxygenating Gel Cream,37.0,139,5078,3.9281,2.0,0,0,0,0,0,0,0,0,0,0,0,0,0,0,0,0,0,0,0,0,0,0,0,0,0,0,0,1,0,0,0,0,0,0,0,0,2.74,2.83,18.5
372,Fresh,Seaberry Skin Nutrition Cleansing Oil,43.0,158,12319,4.5063,,0,0,0,0,0,0,0,0,0,0,0,0,0,0,0,0,0,0,1,0,0,0,0,0,0,0,0,0,0,0,0,0,0,0,0,0,1.28,2.85,
373,Kate Somerville,Age Arrest Anti-Wrinkle Cream,90.0,68,3293,4.0588,1.7,0,0,0,0,0,0,0,0,0,0,0,0,0,0,0,0,0,0,0,0,0,0,0,0,0,0,0,1,0,0,0,0,0,0,0,0,2.06,5.97,52.94
374,Algenist,POWER Advanced Wrinkle Fighter Moisturizer,85.0,62,3560,4.3548,2.0,0,0,0,0,0,0,0,0,0,0,0,0,0,0,0,0,0,0,0,0,0,0,0,0,0,0,0,1,0,0,0,0,0,0,0,0,1.74,7.02,42.5
375,Kate Somerville,Dry Skin Saver,48.0,57,6027,4.6842,4.0,0,0,0,0,0,0,0,0,0,0,0,0,0,0,0,0,0,0,0,0,0,0,0,0,0,0,0,1,0,0,0,0,0,0,0,0,0.95,8.22,12.0
376,KORRES,Black Pine Antiaging Firming & Lifting Day Cream,58.0,61,1240,4.2295,1.35,1,0,0,0,0,0,0,0,0,0,0,0,0,0,0,0,0,0,0,0,0,0,0,0,0,0,0,1,0,0,0,0,0,0,0,0,4.92,6.93,42.96
377,Lanc√¥me,R√©nergie Lift Multi-Action Sunscreen Broad Spectrum SPF 15 For All Skin Types,99.0,26,1715,3.8846,1.69,0,0,0,0,0,0,0,0,0,0,0,0,0,0,0,0,0,0,0,0,0,0,0,0,0,0,0,1,0,0,0,0,0,0,0,0,1.52,14.94,58.58
378,Skinfix,Barrier+ Lipid-Peptide Cream,50.0,3,564,5.0,1.7,1,0,0,0,0,0,0,0,0,0,0,0,0,0,0,0,0,0,0,0,0,0,0,0,0,0,0,1,0,0,0,0,0,0,0,0,0.53,166.67,29.41
379,Kate Somerville,Nourish Daily Moisturizer,65.0,262,8280,4.0878,1.7,0,0,0,0,0,0,0,0,0,0,0,0,0,0,0,0,0,0,0,0,0,0,0,0,0,0,0,1,0,0,0,0,0,0,0,0,3.16,1.56,38.24
380,Dior,Capture Youth Age-Delay Advanced Cr√®me,95.0,32,2751,4.0312,1.7,0,0,0,0,0,0,0,0,0,0,0,0,0,0,0,0,0,0,0,0,0,0,0,0,0,0,0,1,0,0,0,0,0,0,0,0,1.16,12.6,55.88
381,Tata Harper,Repairative Moisturizer,110.0,106,3617,3.4151,1.7,1,0,0,0,0,0,0,0,0,0,0,0,0,0,0,0,0,0,0,0,0,0,0,0,0,0,0,1,0,0,0,0,0,0,0,0,2.93,3.22,64.71
382,Perricone MD,High Potency Classics: Hyaluronic Intensive Moisturizer,69.0,265,4266,4.4604,1.0,0,0,0,0,0,0,0,0,0,0,0,0,0,0,0,0,0,0,0,0,0,0,0,0,0,0,0,1,0,0,0,0,0,0,0,0,6.21,1.68,69.0
383,Shiseido,Essential Energy Moisturizing Cream,48.0,17,2093,4.3529,1.7,0,0,0,0,0,0,0,0,0,0,0,0,0,0,0,0,0,0,0,0,0,0,0,0,0,0,0,1,0,0,0,0,0,0,0,0,0.81,25.61,28.24
384,Peter Thomas Roth,Green Releaf Therapeutic Sleep Cream,65.0,479,4403,4.3299,1.7,0,0,0,0,0,0,0,0,0,0,0,0,0,0,0,0,0,0,0,0,0,0,0,0,0,0,0,1,0,0,0,0,0,0,0,0,10.88,0.9,38.24
385,Caudalie,Vinopure Natural Oil Control Moisturizer,39.0,37,4810,3.8108,1.3,1,0,0,0,0,0,0,0,0,0,0,0,0,0,0,0,0,0,0,0,0,0,0,0,0,0,0,1,0,0,0,0,0,0,0,0,0.77,10.3,30.0
386,Tata Harper,Hydrating Floral Essence ,68.0,65,7019,3.8154,1.7,0,0,0,0,0,0,0,0,0,0,0,0,0,0,0,0,0,0,0,0,0,0,0,0,0,1,0,0,0,0,0,0,0,0,0,0,0.93,5.87,40.0
387,Est√©e Lauder,Advanced Night Repair Intensive Recovery Ampoules,115.0,16,4785,4.875,,0,0,0,0,0,0,0,0,0,0,0,0,0,0,0,0,1,0,0,0,0,0,0,0,0,0,0,0,0,0,0,0,0,0,0,0,0.33,30.47,
388,boscia,Balancing Facial Tonic,26.0,480,16996,4.2979,5.0,1,0,0,0,0,0,0,0,0,0,0,0,0,0,0,0,0,0,0,0,0,0,0,0,0,0,0,0,0,0,0,0,0,1,0,0,2.82,0.9,5.2
389,Biossance,Squalane + Tea Tree Balancing Oil,49.0,193,3067,4.3886,1.01,1,0,0,0,0,0,0,0,0,0,0,0,0,0,1,0,0,0,0,0,0,0,0,0,0,0,0,0,0,0,0,0,0,0,0,0,6.29,2.27,48.51
390,Peter Thomas Roth,Skin to Die For‚Ñ¢ Mineral-Matte CC Cream SPF 30,38.0,95,3743,3.1158,,0,0,1,0,0,0,0,0,0,0,0,0,0,0,0,0,0,0,0,0,0,0,0,0,0,0,0,0,0,0,0,0,0,0,0,0,2.54,3.28,
391,First Aid Beauty,Skin Rescue Oil-Free Mattifying Gel Moisturizer,30.0,300,15315,3.74,2.0,0,0,0,0,0,0,0,0,0,0,0,0,0,0,0,0,0,0,0,0,0,0,0,0,0,0,0,1,0,0,0,0,0,0,0,0,1.96,1.25,15.0
392,Kiehl's Since 1851,Ultra Facial Deep Moisture Balm,30.0,64,3855,4.625,1.7,0,0,0,0,0,0,0,0,0,0,0,0,0,0,0,0,0,0,0,0,0,0,0,0,0,0,0,1,0,0,0,0,0,0,0,0,1.66,7.23,17.65
393,philosophy,Hope In A Jar,39.0,6000,34104,3.9886,2.0,0,0,0,0,0,0,0,0,0,0,0,0,0,0,0,0,0,0,0,0,0,0,0,0,0,0,0,1,0,0,0,0,0,0,0,0,17.59,0.07,19.5
394,Briogeo,B. Well Organic + Australian 100% Tea Tree Oil,32.0,109,9606,4.8257,,1,0,0,0,0,0,0,0,0,0,0,0,0,0,0,0,0,0,0,0,0,1,0,0,0,0,0,0,0,0,0,0,0,0,0,0,1.13,4.43,
395,Dermalogica,Calm Water Gel Moisturizer ,48.0,12,811,4.25,1.7,0,0,0,0,0,0,0,0,0,0,0,0,0,0,0,0,0,0,0,0,0,0,0,0,0,0,0,1,0,0,0,0,0,0,0,0,1.48,35.42,28.24
396,Laura Mercier,Flawless Skin Infusion de Rose Nourishing Oil,65.0,87,13473,4.5517,1.0,0,0,0,0,0,0,0,0,0,0,0,0,0,0,1,0,0,0,0,0,0,0,0,0,0,0,0,0,0,0,0,0,0,0,0,0,0.65,5.23,65.0
397,Dr Roebuck's,No Worries Hydrating Face Moisturizer,45.0,167,3550,4.1916,1.69,1,0,0,0,0,0,0,0,0,0,0,0,0,0,0,0,0,0,0,0,0,0,0,0,0,0,0,1,0,0,0,0,0,0,0,0,4.7,2.51,26.63
398,Too Cool For School,Egg Mellow Cream,36.0,481,15127,4.1331,1.76,0,0,0,0,0,0,0,0,0,0,0,0,0,0,0,0,0,0,0,0,0,0,0,0,0,0,0,1,0,0,0,0,0,0,0,0,3.18,0.86,20.45
400,First Aid Beauty,Eye Duty Triple Remedy Overnight Balm,38.0,171,11054,3.655,0.5,0,0,0,0,0,0,0,0,0,0,0,0,0,0,0,0,0,0,0,0,0,0,0,0,0,0,0,0,1,0,0,0,0,0,0,0,1.55,2.14,76.0
401,CLINIQUE,Moisture Surge Hydrating Supercharged Concentrate,39.0,189,16328,3.9788,1.6,0,0,0,0,0,0,0,0,0,0,0,0,0,0,0,0,0,0,0,0,0,0,0,0,0,0,0,1,0,0,0,0,0,0,0,0,1.16,2.11,24.38
402,CLINIQUE,Pep-Start HydroBlur Moisturizer,29.5,556,19786,3.6385,1.7,0,0,0,0,0,0,0,0,0,0,0,0,0,0,0,0,0,0,0,0,0,0,0,0,0,0,0,1,0,0,0,0,0,0,0,0,2.81,0.65,17.35
403,Indie Lee,Squalane Facial Oil,34.0,37,4876,4.5946,1.0,1,0,0,0,0,0,0,0,0,0,0,0,0,0,1,0,0,0,0,0,0,0,0,0,0,0,0,0,0,0,0,0,0,0,0,0,0.76,12.42,34.0
404,Kiehl's Since 1851,Ultra Facial Moisturizer,29.5,42,5868,4.1429,4.2,0,0,0,0,0,0,0,0,0,0,0,0,0,0,0,0,0,0,0,0,0,0,0,0,0,0,0,1,0,0,0,0,0,0,0,0,0.72,9.86,7.02
406,tarte,Tarteguard 30 Vegan Sunscreen Lotion Broad Spectrum SPF 30,32.0,558,27134,3.7294,1.7,0,0,0,0,0,0,0,0,0,0,0,0,0,0,0,0,0,1,0,0,0,0,0,0,0,0,0,0,0,0,0,0,0,0,0,0,2.06,0.67,18.82
407,SK-II,Ultimate Revival Cream,385.0,57,1322,4.4386,1.6,0,0,0,0,0,0,0,0,0,0,0,0,0,0,0,0,0,0,0,0,0,0,0,0,0,0,0,1,0,0,0,0,0,0,0,0,4.31,7.79,240.62
408,rms beauty,Beauty Oil,78.0,58,9579,4.6034,1.0,1,0,0,0,0,0,0,0,0,0,0,0,0,0,1,0,0,0,0,0,0,0,0,0,0,0,0,0,0,0,0,0,0,0,0,0,0.61,7.94,78.0
409,High Beauty,High Five Cannabis Seed Facial Moisturizer,40.0,64,6566,4.5,1.7,1,0,0,0,0,0,0,0,0,0,0,0,0,0,0,0,0,0,0,0,0,0,0,0,0,0,0,1,0,0,0,0,0,0,0,0,0.97,7.03,23.53
410,Shiseido,Benefiance WrinkleResist24 Night Emulsion ,63.0,91,2988,4.2967,2.5,0,0,0,0,0,0,0,0,0,0,0,0,0,0,0,0,0,0,0,0,0,0,0,0,0,0,0,1,0,0,0,0,0,0,0,0,3.05,4.72,25.2
411,Dr. Dennis Gross Skincare,Instant Radiance Sun Defense Sunscreen Broad Spectrum SPF 40,42.0,37,3123,3.9189,1.7,0,0,0,0,0,0,0,0,0,0,0,0,0,0,0,0,0,1,0,0,0,0,0,0,0,0,0,0,0,0,0,0,0,0,0,0,1.18,10.59,24.71
412,Herbivore,Orchid Youth-Preserving Facial Oil,64.0,133,15106,4.5113,1.7,1,0,0,0,0,0,0,0,0,0,0,0,0,0,1,0,0,0,0,0,0,0,0,0,0,0,0,0,0,0,0,0,0,0,0,0,0.88,3.39,37.65
413,Kate Somerville,Deep Tissue Repair Cream with Peptide K8‚Ñ¢,150.0,75,3844,4.16,1.0,0,0,0,0,0,0,0,0,0,0,0,0,0,0,0,0,0,0,0,0,0,0,0,0,0,0,0,1,0,0,0,0,0,0,0,0,1.95,5.55,150.0
414,L'Occitane,Immortelle Divine Cream,110.0,139,4702,3.8993,1.7,0,0,0,0,0,0,0,0,0,0,0,0,0,0,0,0,0,0,0,0,0,0,0,0,0,0,0,1,0,0,0,0,0,0,0,0,2.96,2.81,64.71
415,Fresh,Rose Hydrating Gel Cream,40.0,242,12882,4.0909,1.6,0,0,0,0,0,0,0,0,0,0,0,0,0,0,0,0,0,0,0,0,0,0,0,0,0,0,0,1,0,0,0,0,0,0,0,0,1.88,1.69,25.0
416,CLINIQUE,Repairwear Laser Focus Night Line Smoothing Cream for Very Dry to Dry Combination Skin,52.5,15,3458,4.5333,1.7,0,0,0,0,0,0,0,0,0,0,0,0,0,0,0,0,0,0,0,0,0,0,0,0,0,0,0,1,0,0,0,0,0,0,0,0,0.43,30.22,30.88
417,Clarins,Blue Orchid Face Treatment Oil,59.0,58,5946,4.569,1.0,0,0,0,0,0,0,0,0,0,0,0,0,0,0,1,0,0,0,0,0,0,0,0,0,0,0,0,0,0,0,0,0,0,0,0,0,0.98,7.88,59.0
418,REN Clean Skincare,V-Cense‚Ñ¢ Revitalising Night Cream,57.0,272,5593,4.4154,1.7,1,0,0,0,0,0,0,0,0,0,0,0,0,0,0,0,0,0,0,0,0,0,0,0,0,0,0,0,1,0,0,0,0,0,0,0,4.86,1.62,33.53
419,Caudalie,Vinosource Intense Moisture Rescue Cream,39.0,167,5992,4.1856,1.3,1,0,0,0,0,0,0,0,0,0,0,0,0,0,0,0,0,0,0,0,0,0,0,0,0,0,0,1,0,0,0,0,0,0,0,0,2.79,2.51,30.0
420,Dermalogica,Super Rich Repair Moisturizer,92.0,9,530,4.8889,1.7,0,0,0,0,0,0,0,0,0,0,0,0,0,0,0,0,0,0,0,0,0,0,0,0,0,0,0,1,0,0,0,0,0,0,0,0,1.7,54.32,54.12
421,Clarins,Multi-Active Day Cream SPF 20 - All Skin Types,55.0,63,2530,3.6032,1.7,0,0,0,0,0,0,0,0,0,0,0,0,0,0,0,0,0,0,0,0,0,0,0,0,0,0,0,1,0,0,0,0,0,0,0,0,2.49,5.72,32.35
422,Tata Harper,Nourishing Oil Cleanser,76.0,74,6030,4.1351,4.1,1,0,0,0,0,0,0,0,0,0,0,0,0,0,0,0,0,0,1,0,0,0,0,0,0,0,0,0,0,0,0,0,0,0,0,0,1.23,5.59,18.54
423,Est√©e Lauder,Micro Essence Skin Activating Treatment Lotion Mini,62.0,2,2886,4.0,2.5,0,0,0,0,0,0,0,0,0,0,0,0,0,0,0,0,0,0,0,0,0,0,0,0,0,1,0,0,0,0,0,0,0,0,0,0,0.07,200.0,24.8
424,Lanc√¥me,Visionnaire Advanced Multi-Correcting Cream,89.0,27,3489,4.6667,1.7,0,0,0,0,0,0,0,0,0,0,0,0,0,0,0,0,0,0,0,0,0,0,0,0,0,0,0,1,0,0,0,0,0,0,0,0,0.77,17.28,52.35
425,Erborian,Bamboo Matte Lotion,34.0,33,4619,4.0606,6.4,0,0,0,0,0,0,0,0,0,0,0,0,0,0,0,0,0,0,0,0,0,0,0,0,0,0,0,1,0,0,0,0,0,0,0,0,0.71,12.3,5.31
426,SK-II,Facial Treatment Cleansing Oil,70.0,90,4203,4.4778,8.4,0,0,0,0,0,0,0,0,0,0,0,0,0,0,0,0,0,0,1,0,0,0,0,0,0,0,0,0,0,0,0,0,0,0,0,0,2.14,4.98,8.33
427,L'Occitane,Shea Cleansing Oil,24.0,210,9005,4.4571,6.7,0,0,0,0,0,0,0,0,0,0,0,0,0,0,0,0,0,0,1,0,0,0,0,0,0,0,0,0,0,0,0,0,0,0,0,0,2.33,2.12,3.58
428,Dr. Dennis Gross Skincare,Dark Spot Sun Defense Broad Spectrum SPF 50,42.0,89,4627,3.7753,1.7,0,0,0,0,0,0,0,0,0,0,0,0,0,0,0,0,0,1,0,0,0,0,0,0,0,0,0,0,0,0,0,0,0,0,0,0,1.92,4.24,24.71
429,Dermalogica,Sound Sleep Cocoon Night Gel-Cream,80.0,105,315,4.5429,1.7,0,0,0,0,0,0,0,0,0,0,0,0,0,0,0,0,0,0,0,0,0,0,0,0,0,0,0,0,1,0,0,0,0,0,0,0,33.33,4.33,47.06
430,Origins,Plantscription‚Ñ¢ Retinol Night Moisturizer,64.0,3,1384,4.3333,1.0,1,0,0,0,0,0,0,0,0,0,0,0,0,0,0,0,0,0,0,0,0,0,0,0,0,0,0,0,1,0,0,0,0,0,0,0,0.22,144.44,64.0
431,Est√©e Lauder,Nutritious Super-Pomegranate Radiant Energy Night Cr√®me/Mask,72.0,12,4995,4.4167,,0,0,0,0,0,0,0,0,0,0,0,0,0,0,0,0,0,0,0,0,0,0,0,0,0,0,0,0,1,0,0,0,0,0,0,0,0.24,36.81,
432,First Aid Beauty,Skin Rescue Daily Face Cream,22.0,510,10850,4.1765,2.0,0,0,0,0,0,0,0,0,0,0,0,0,0,0,0,0,0,0,0,0,0,0,0,0,0,0,0,1,0,0,0,0,0,0,0,0,4.7,0.82,11.0
433,lilah b.,Aglow‚Ñ¢ Face Mist,48.0,47,12484,4.1489,1.0,1,0,0,0,0,0,0,0,0,0,0,0,0,0,0,0,0,0,0,0,0,0,0,0,0,0,0,0,0,1,0,0,0,0,0,0,0.38,8.83,48.0
435,REN Clean Skincare,Rosa Centifolia‚Ñ¢ No.1 Purity Cleansing Balm,29.0,283,7335,4.212,3.3,1,0,0,0,0,0,0,0,0,0,0,0,0,0,0,0,0,0,1,0,0,0,0,0,0,0,0,0,0,0,0,0,0,0,0,0,3.86,1.49,8.79
436,KORRES,Wild Rose Vitamin C Brightening 24H Moisturiser,39.0,71,2620,3.0282,1.35,1,0,0,0,0,0,0,0,0,0,0,0,0,0,0,0,0,0,0,0,0,0,0,0,0,0,0,1,0,0,0,0,0,0,0,0,2.71,4.27,28.89
438,Est√©e Lauder,Set + Refresh Perfecting Makeup Mist,37.0,13,4796,4.6923,3.9,0,0,0,0,0,0,0,0,0,0,0,0,0,0,0,0,0,0,0,0,0,0,0,0,0,0,0,0,0,1,0,0,0,0,0,0,0.27,36.09,9.49
439,Dr. Brandt Skincare,Hyaluronic Facial Cream,72.0,4,567,4.5,1.7,0,0,0,0,0,0,0,0,0,0,0,0,0,0,0,0,0,0,0,0,0,0,0,0,0,0,0,1,0,0,0,0,0,0,0,0,0.71,112.5,42.35
440,Lanc√¥me,Renergie Lift Multi-Action Ultra Firming and Dark Spot Correcting Moisturizer SPF 30,99.0,633,2004,4.4155,1.7,0,0,0,0,0,0,0,0,0,0,0,0,0,0,0,0,0,0,0,0,0,0,0,0,0,0,0,1,0,0,0,0,0,0,0,0,31.59,0.7,58.24
441,Lanc√¥me,√ânergie de Vie The Smoothing & Plumping Water-Infused Cream,57.0,74,3917,4.2027,1.7,0,0,0,0,0,0,0,0,0,0,0,0,0,0,0,0,0,0,0,0,0,0,0,0,0,0,0,1,0,0,0,0,0,0,0,0,1.89,5.68,33.53
442,Dior,Capture Totale Intensive Night Restorative Cr√®me,175.0,33,2654,4.4848,2.1,0,0,0,0,0,0,0,0,0,0,0,0,0,0,0,0,0,0,0,0,0,0,0,0,0,0,0,1,0,0,0,0,0,0,0,0,1.24,13.59,83.33
443,Shiseido,Essential Energy Moisturizing Gel Cream,48.0,31,2075,4.3871,1.7,0,0,0,0,0,0,0,0,0,0,0,0,0,0,0,0,0,0,0,0,0,0,0,0,0,0,0,1,0,0,0,0,0,0,0,0,1.49,14.15,28.24
444,Mario Badescu,Oil Free Moisturizer Broad Spectrum SPF 30,28.0,9,1260,4.2222,2.0,0,0,0,0,0,0,0,0,0,0,0,0,0,0,0,0,0,0,0,0,0,0,0,0,0,0,0,1,0,0,0,0,0,0,0,0,0.71,46.91,14.0
445,Saturday Skin,Freeze Frame Beauty Essence,47.0,68,10831,4.6912,1.69,0,0,0,0,0,0,0,0,0,0,0,0,0,0,0,0,0,0,0,0,0,0,0,0,0,1,0,0,0,0,0,0,0,0,0,0,0.63,6.9,27.81
447,Est√©e Lauder,"DayWear Advanced Multi-Protection Anti-Oxidant Creme, Normal/Combination",54.0,42,3029,4.119,1.7,0,0,0,0,0,0,0,0,0,0,0,0,0,0,0,0,0,0,0,0,0,0,0,0,0,0,0,1,0,0,0,0,0,0,0,0,1.39,9.81,31.76
448,CLINIQUE,Smart Broad Spectrum SPF 15 Custom-Repair Moisturizer for Dry Combination Skin,55.0,26,1666,4.3462,2.0,0,0,0,0,0,0,0,0,0,0,0,0,0,0,0,0,0,1,0,0,0,0,0,0,0,0,0,0,0,0,0,0,0,0,0,0,1.56,16.72,27.5
449,Mario Badescu,Seaweed Night Cream,22.0,12,1588,4.25,1.0,0,0,0,0,0,0,0,0,0,0,0,0,0,0,0,0,0,0,0,0,0,0,0,0,0,0,0,1,0,0,0,0,0,0,0,0,0.76,35.42,22.0
450,Dr. Dennis Gross Skincare,Alpha Beta¬Æ Exfoliating Moisturizer,68.0,76,4313,4.4211,2.0,0,0,0,0,0,0,0,0,0,0,0,0,0,0,0,0,0,0,0,0,0,0,0,0,0,0,0,1,0,0,0,0,0,0,0,0,1.76,5.82,34.0
451,Saturday Skin,Daily Dew Hydrating Essence Mist,34.0,166,11282,4.6687,4.39,0,0,0,0,0,0,0,0,0,0,0,0,0,0,0,0,0,0,0,0,0,0,0,0,0,1,0,0,0,0,0,0,0,0,0,0,1.47,2.81,7.74
452,Caudalie,Vinosource Mattifying Moisturizer,39.0,159,6851,4.1824,1.3,1,0,0,0,0,0,0,0,0,0,0,0,0,0,0,0,0,0,0,0,0,0,0,0,0,0,0,1,0,0,0,0,0,0,0,0,2.32,2.63,30.0
453,Clarins,Super Restorative Night Age Spot Correcting Replenishing Cream,137.0,7,1606,4.5714,1.3,0,0,0,0,0,0,0,0,0,0,0,0,0,0,0,0,0,0,0,0,0,0,0,0,0,0,0,0,1,0,0,0,0,0,0,0,0.44,65.31,105.38
454,Dior,Hydra Life Fresh Hydration Sorbet Cr√®me,69.0,88,4127,3.7841,1.7,0,0,0,0,0,0,0,0,0,0,0,0,0,0,0,0,0,0,0,0,0,0,0,0,0,0,0,1,0,0,0,0,0,0,0,0,2.13,4.3,40.59
455,Fresh,Umbrian Clay Oil-Free Lotion,36.0,294,9838,3.9966,1.7,0,0,0,0,0,0,0,0,0,0,0,0,0,0,0,0,0,0,0,0,0,0,0,0,0,0,0,1,0,0,0,0,0,0,0,0,2.99,1.36,21.18
456,CLINIQUE,Dramatically Different Moisturizing Cream,28.0,155,7318,4.4,1.7,0,0,0,0,0,0,0,0,0,0,0,0,0,0,0,0,0,0,0,0,0,0,0,0,0,0,0,1,0,0,0,0,0,0,0,0,2.12,2.84,16.47
457,Shiseido,Perfect Cleansing Oil,35.0,87,8823,4.5632,6.0,0,0,0,0,0,0,0,0,0,0,0,0,0,0,0,0,0,0,1,0,0,0,0,0,0,0,0,0,0,0,0,0,0,0,0,0,0.99,5.25,5.83
458,Josie Maran,Argan Moonstone Drops Makeup Priming and Highlighting Oil,48.0,198,11332,4.3636,1.7,1,0,0,0,0,0,0,0,0,0,0,0,0,0,1,0,0,0,0,0,0,0,0,0,0,0,0,0,0,0,0,0,0,0,0,0,1.75,2.2,28.24
459,AMOREPACIFIC,MOISTURE BOUND Skin Energy Hydration Delivery System,35.0,257,9143,4.3113,2.7,0,0,0,0,0,0,0,0,0,0,0,0,0,0,0,0,0,0,0,0,0,0,0,0,0,1,0,0,0,0,0,0,0,0,0,0,2.81,1.68,12.96
460,Peter Thomas Roth,10% Glycolic Solutions Moisturizer,45.0,316,3324,4.5443,2.2,0,0,0,0,0,0,0,0,0,0,0,0,0,0,0,0,0,0,0,0,0,0,0,0,0,0,0,1,0,0,0,0,0,0,0,0,9.51,1.44,20.45
461,CLINIQUE,Repairwear Uplifting Firming Cream,64.5,37,1770,3.7568,1.7,0,0,0,0,0,0,0,0,0,0,0,0,0,0,0,0,0,0,0,0,0,0,0,0,0,0,0,1,0,0,0,0,0,0,0,0,2.09,10.15,37.94
462,Shiseido,Essential Energy Day Cream SPF 20,48.0,13,1804,4.5385,1.7,0,0,0,0,0,0,0,0,0,0,0,0,0,0,0,0,0,0,0,0,0,0,0,0,0,0,0,1,0,0,0,0,0,0,0,0,0.72,34.91,28.24
463,Origins,Plantscription‚Ñ¢ Powerful Lifting Cream,64.0,18,1796,4.3333,1.7,1,0,0,0,0,0,0,0,0,0,0,0,0,0,0,0,0,0,0,0,0,0,0,0,0,0,0,1,0,0,0,0,0,0,0,0,1.0,24.07,37.65
464,Fresh,FreshFace Instant Glow Luminizer,38.0,37,6535,3.7838,1.0,0,0,0,0,0,0,0,0,0,0,0,0,0,0,0,0,0,0,0,0,0,0,0,0,0,0,0,1,0,0,0,0,0,0,0,0,0.57,10.23,38.0
465,CLINIQUE,Smart Night Custom-Repair Moisturizer - Dry Combination,58.0,26,2249,3.9615,1.7,0,0,0,0,0,0,0,0,0,0,0,0,0,0,0,0,0,0,0,0,0,0,0,0,0,0,0,1,0,0,0,0,0,0,0,0,1.16,15.24,34.12
466,Shiseido,Benefiance NutriPerfect Day Cream Broad Spectrum SPF 18,93.0,16,727,4.0625,1.7,0,0,0,0,0,0,0,0,0,0,0,0,0,0,0,0,0,0,0,0,0,0,0,0,0,0,0,1,0,0,0,0,0,0,0,0,2.2,25.39,54.71
467,Jack Black,Epic Moisture‚Ñ¢ MP10‚Ñ¢ Nourishing Oil,35.0,117,3891,4.6838,2.0,0,0,0,0,0,0,0,0,0,0,0,0,0,0,1,0,0,0,0,0,0,0,0,0,0,0,0,0,0,0,0,0,0,0,0,0,3.01,4.0,17.5
468,Shiseido,Treatment Softener Enriched,50.0,3,526,5.0,5.0,0,0,0,0,0,0,0,0,0,0,0,0,0,0,0,0,0,0,0,0,0,0,0,0,0,0,1,0,0,0,0,0,0,0,0,0,0.57,166.67,10.0
469,bareMinerals,OIL OBSESSED‚Ñ¢ Total Cleansing Oil,30.0,92,6566,4.5978,6.0,0,0,0,0,0,0,0,0,0,0,0,0,0,0,1,0,0,0,0,0,0,0,0,0,0,0,0,0,0,0,0,0,0,0,0,0,1.4,5.0,5.0
470,Dr. Jart+,Water Fuse Hydro Sleep Mask,48.0,234,11882,4.4145,1.8,0,0,0,0,0,0,0,0,0,0,0,0,0,1,0,0,0,0,0,0,0,0,0,0,0,0,0,0,0,0,0,0,0,0,0,0,1.97,1.89,26.67
471,Dr. Dennis Gross Skincare,Hydra-Pure¬Æ Oil-Free Moisture with Chelating Complex‚Ñ¢,78.0,125,5469,4.248,1.0,0,0,0,0,0,0,0,0,0,0,0,0,0,0,0,0,0,0,0,0,0,0,0,0,0,0,0,1,0,0,0,0,0,0,0,0,2.29,3.4,78.0
472,Shiseido,White Lucent All Day Brightener Broad Spectrum SPF 23 Moisturizer,62.0,8,3647,4.625,1.8,0,0,0,0,0,0,0,0,0,0,0,0,0,0,0,0,0,0,0,0,0,0,0,0,0,0,0,1,0,0,0,0,0,0,0,0,0.22,57.81,34.44
473,Charlotte Tilbury,Charlotte's Magic Night Cream,145.0,31,2086,3.5161,1.7,0,0,0,0,0,0,0,0,0,0,0,0,0,0,0,0,0,0,0,0,0,0,0,0,0,0,0,1,0,0,0,0,0,0,0,0,1.49,11.34,85.29
474,Dr. Dennis Gross Skincare,Ferulic + Retinol Fortifying Neck Emulsion,75.0,16,3145,3.75,1.7,0,0,0,0,0,0,0,0,0,1,0,0,0,0,0,0,0,0,0,0,0,0,0,0,0,0,0,0,0,0,0,0,0,0,0,0,0.51,23.44,44.12
475,Omorovicza,Rejuvenating Night Cream,235.0,20,2218,4.6,1.7,1,0,0,0,0,0,0,0,0,0,0,0,0,0,0,0,0,0,0,0,0,0,0,0,0,0,0,0,1,0,0,0,0,0,0,0,0.9,23.0,138.24
476,Lancer,Omega Hydrating Oil,75.0,319,2479,4.5455,1.0,0,0,0,0,0,0,0,0,0,0,0,0,0,0,1,0,0,0,0,0,0,0,0,0,0,0,0,0,0,0,0,0,0,0,0,0,12.87,1.42,75.0
477,Peter Thomas Roth,Ultra-Lite Oil-Free Moisturizer,42.0,205,4266,4.2976,1.7,0,0,0,0,0,0,0,0,0,0,0,0,0,0,0,0,0,0,0,0,0,0,0,0,0,0,0,1,0,0,0,0,0,0,0,0,4.81,2.1,24.71
478,KORRES,Greek Yoghurt Advanced Nourishing Sleeping Facial,46.0,560,21222,4.3571,1.35,1,0,0,0,0,0,0,0,0,0,0,0,0,1,0,0,0,0,0,0,0,0,0,0,0,0,0,0,0,0,0,0,0,0,0,0,2.64,0.78,34.07
479,Bobbi Brown,Extra Repair Moisturizing Balm SPF 25,100.0,23,2428,4.3478,1.7,0,0,0,0,0,0,0,0,0,0,0,0,0,0,0,0,0,0,0,0,0,0,0,0,0,0,0,1,0,0,0,0,0,0,0,0,0.95,18.9,58.82
480,Est√©e Lauder,DayWear Matte Oil-Control Anti-Oxidant Moisture Gel Creme,52.0,17,2703,4.8235,1.7,0,0,0,0,0,0,0,0,0,0,0,0,0,0,0,0,0,0,0,0,0,0,0,0,0,0,0,1,0,0,0,0,0,0,0,0,0.63,28.37,30.59
481,bareMinerals,BARE HAVEN‚Ñ¢ Essential Moisturizing Soft Cream,35.0,36,3200,4.0833,1.7,0,0,0,0,0,0,0,0,0,0,0,0,0,0,0,0,0,0,0,0,0,0,0,0,0,0,0,1,0,0,0,0,0,0,0,0,1.12,11.34,20.59
482,Caudalie,Premieres Vendanges Moisturizing Cream,35.0,227,4914,4.4714,1.35,1,0,0,0,0,0,0,0,0,0,0,0,0,0,0,0,0,0,0,0,0,0,0,0,0,0,0,1,0,0,0,0,0,0,0,0,4.62,1.97,25.93
483,Caudalie,Vinosource Overnight Recovery Oil,50.0,71,7382,4.4366,1.0,1,0,0,0,0,0,0,0,0,0,0,0,0,0,1,0,0,0,0,0,0,0,0,0,0,0,0,0,0,0,0,0,0,0,0,0,0.96,6.25,50.0
484,Clarins,Beauty Flash Balm,48.0,256,10820,4.3242,1.7,0,0,0,0,0,0,0,0,0,0,0,0,0,0,0,0,0,0,0,0,0,0,0,0,0,0,0,1,0,0,0,0,0,0,0,0,2.37,1.69,28.24
485,Kopari,Coconut Face Cream,38.0,89,6739,4.2697,2.5,1,0,0,0,0,0,0,0,0,0,0,0,0,0,0,0,0,0,0,0,0,0,0,0,0,0,0,1,0,0,0,0,0,0,0,0,1.32,4.8,15.2
486,philosophy,Ultimate Miracle Worker Night,80.0,59,3906,4.0169,1.7,0,0,0,0,0,0,0,0,0,0,0,0,0,0,0,0,0,0,0,0,0,0,0,0,0,0,0,0,1,0,0,0,0,0,0,0,1.51,6.81,47.06
487,Tata Harper,Illuminating Moisturizer,85.0,80,3470,3.3625,1.0,1,0,0,0,0,0,0,0,0,0,0,0,0,0,0,0,0,0,0,0,0,0,0,0,0,0,0,1,0,0,0,0,0,0,0,0,2.31,4.2,85.0
488,Blithe,Tundra Chaga Pressed Serum,49.0,56,6298,4.5536,1.68,0,0,0,0,0,0,0,0,0,0,0,0,0,0,0,0,1,0,0,0,0,0,0,0,0,0,0,0,0,0,0,0,0,0,0,0,0.89,8.13,29.17
489,belif,Milky Hydra Balancing Moisturizer ,38.0,56,4765,4.3214,4.22,0,0,0,0,0,0,0,0,0,0,0,0,0,0,0,0,0,0,0,0,0,0,0,0,0,0,0,1,0,0,0,0,0,0,0,0,1.18,7.72,9.0
490,Evian,Brumisateur¬Æ Natural Mineral Water Facial Spray,13.5,323,19422,4.3375,5.0,0,0,0,0,0,0,0,0,0,0,0,0,0,0,0,0,0,0,0,0,0,0,0,0,0,1,0,0,0,0,0,0,0,0,0,0,1.66,1.34,2.7
491,Murad,Resurgence¬Æ Age‚ÄìBalancing Moisture Broad Spectrum SPF 30,74.0,23,1748,4.3043,1.7,0,0,0,0,0,0,0,0,0,0,0,0,0,0,0,0,0,0,0,0,0,0,0,0,0,1,0,0,0,0,0,0,0,0,0,0,1.32,18.71,43.53
492,First Aid Beauty,Ultra Repair Tinted Moisturizer SPF 30 Customizable Kit,28.0,3,565,3.6667,,0,0,0,0,0,0,0,0,0,0,0,0,0,0,0,0,0,1,0,0,0,0,0,0,0,0,0,0,0,0,0,0,0,0,0,0,0.53,122.22,
493,Lanc√¥me,√ânergie de Vie The Overnight Recovery Sleeping Mask,66.0,124,4788,4.2419,2.6,0,0,0,0,0,0,0,0,0,0,0,0,0,0,0,0,0,0,0,0,0,0,0,0,0,0,0,0,1,0,0,0,0,0,0,0,2.59,3.42,25.38
494,Murad,Multi-Vitamin Infusion Oil,72.0,61,2925,4.4262,1.0,0,0,0,0,0,0,0,0,0,0,0,0,0,0,1,0,0,0,0,0,0,0,0,0,0,0,0,0,0,0,0,0,0,0,0,0,2.09,7.26,72.0
495,Dr. Brandt Skincare,Do Not Age with Dr. Brandt Time Reversing Cream,132.0,73,1829,4.2055,1.7,0,0,0,0,0,0,0,0,0,0,0,0,0,0,0,0,0,0,0,0,0,0,0,0,0,0,0,1,0,0,0,0,0,0,0,0,3.99,5.76,77.65
496,CLINIQUE,Repairwear Laser Focus Line Smoothing Cream Broad Spectrum SPF 15 for Very Dry to Dry Combination Skin,50.0,7,869,4.4286,1.7,0,0,0,0,0,0,0,0,0,0,0,0,0,0,0,0,0,0,0,0,0,0,0,0,0,0,0,1,0,0,0,0,0,0,0,0,0.81,63.27,29.41
497,Algenist,ELEVATE Advanced Lift Contouring Cream,96.0,32,1676,4.3438,2.0,0,0,0,0,0,0,0,0,0,0,0,0,0,0,0,0,0,0,0,0,0,0,0,0,0,0,0,1,0,0,0,0,0,0,0,0,1.91,13.57,48.0
498,Moroccanoil,Pure Argan Oil,52.0,12,4854,5.0,1.7,0,0,0,0,0,0,0,1,0,0,0,0,0,0,0,0,0,0,0,0,0,0,0,0,0,0,0,0,0,0,0,0,0,0,0,0,0.25,41.67,30.59
499,REN Clean Skincare,Bio Retinoid‚Ñ¢ Anti-Ageing Cream,69.0,56,4125,4.0714,1.7,1,0,0,0,0,0,0,0,0,0,0,0,0,0,0,0,0,0,0,0,0,0,0,0,0,0,0,1,0,0,0,0,0,0,0,0,1.36,7.27,40.59
500,Mario Badescu,Buttermilk Moisturizer,18.0,10,2205,4.9,2.0,0,0,0,0,0,0,0,0,0,0,0,0,0,0,0,0,0,0,0,0,0,0,0,0,0,0,0,1,0,0,0,0,0,0,0,0,0.45,49.0,9.0
501,Erno Laszlo,Hydra-Therapy Memory Sleep Mask,95.0,64,4229,4.6719,1.35,0,0,0,0,0,0,0,0,0,0,0,0,0,1,0,0,0,0,0,0,0,0,0,0,0,0,0,0,0,0,0,0,0,0,0,0,1.51,7.3,70.37
502,Kiehl's Since 1851,Skin Tone Correcting & Beautifying BB Cream Sunscreen Broad Spectrum SPF 50,38.0,26,4473,3.7692,1.35,0,0,1,0,0,0,0,0,0,0,0,0,0,0,0,0,0,0,0,0,0,0,0,0,0,0,0,0,0,0,0,0,0,0,0,0,0.58,14.5,28.15
503,Shiseido,Benefiance NutriPerfect Night Cream,97.0,31,2404,4.6452,1.7,0,0,0,0,0,0,0,0,0,0,0,0,0,0,0,0,0,0,0,0,0,0,0,0,0,0,0,0,1,0,0,0,0,0,0,0,1.29,14.98,57.06
504,Caudalie,Vine[activ] 3-in-1 Vitamin C Anti-Wrinkle Moisturizer,44.0,32,2850,3.25,1.3,1,0,0,0,0,0,0,0,0,0,0,0,0,0,0,0,0,0,0,0,0,0,0,0,0,0,0,1,0,0,0,0,0,0,0,0,1.12,10.16,33.85
505,Dr. Brandt Skincare,pores no more¬Æ Mattifying Hydrator Pore Minimizing Gel,48.0,19,2338,4.2632,1.7,0,0,0,0,0,0,0,0,0,0,0,0,0,0,0,0,1,0,0,0,0,0,0,0,0,0,0,0,0,0,0,0,0,0,0,0,0.81,22.44,28.24
506,GLAMGLOW,DREAMDUO‚Ñ¢ Overnight Transforming Treatment,59.0,357,32247,4.2157,,0,0,0,0,0,0,0,0,0,0,0,0,0,0,0,0,0,0,0,0,0,0,0,0,0,0,0,0,1,0,0,0,0,0,0,0,1.11,1.18,
507,Est√©e Lauder,Resilience Lift Night Lifting/Firming Face and Neck Creme,92.0,9,1346,3.8889,1.7,0,0,0,0,0,0,0,0,0,1,0,0,0,0,0,0,0,0,0,0,0,0,0,0,0,0,0,0,0,0,0,0,0,0,0,0,0.67,43.21,54.12
508,High Beauty,High Expectations Cannabis Seed Facial Oil,54.0,32,4474,4.6875,1.0,1,0,0,0,0,0,0,0,0,0,0,0,0,0,1,0,0,0,0,0,0,0,0,0,0,0,0,0,0,0,0,0,0,0,0,0,0.72,14.65,54.0
509,KORRES,Greek Yoghurt Smoothie Priming Moisturiser,42.0,146,6257,4.0479,1.01,1,0,0,0,0,0,0,0,0,0,0,0,0,0,0,0,0,0,0,0,0,0,0,0,0,0,0,1,0,0,0,0,0,0,0,0,2.33,2.77,41.58
510,Origins,Dr. Andrew Weil For Origins‚ Mega-Mushroom Relief & Resilience Soothing Treatment Lotion,20.0,43,3675,4.093,3.4,1,0,0,0,0,0,0,0,0,0,0,0,0,0,0,0,0,0,0,0,0,0,0,0,0,0,0,1,0,0,0,0,0,0,0,0,1.17,9.52,5.88
511,Algenist,SPLASH Absolute Hydration Replenishing Gel Moisturizer,58.0,88,3153,4.0455,2.0,0,0,0,0,0,0,0,0,0,0,0,0,0,0,0,0,0,0,0,0,0,0,0,0,0,0,0,1,0,0,0,0,0,0,0,0,2.79,4.6,29.0
512,Charlotte Tilbury,Charlotte's Magic Cream Mini,29.0,32,6887,3.5312,0.5,0,0,0,0,0,0,0,0,0,0,0,0,0,0,0,0,0,0,0,0,0,0,0,0,0,0,0,1,0,0,0,0,0,0,0,0,0.46,11.04,58.0
513,REN Clean Skincare,And Now to Sleep Pillow Spray,25.0,70,6652,4.3286,2.5,1,0,0,0,0,0,0,0,0,0,0,0,0,0,0,0,0,0,0,0,0,0,0,1,0,0,0,0,0,0,0,0,0,0,0,0,1.05,6.18,10.0
514,Algenist,Hydrating Essence Toner,25.0,151,8646,4.3245,5.0,0,0,0,0,0,0,0,0,0,0,0,0,0,0,0,0,0,0,0,0,0,0,0,0,0,1,0,0,0,0,0,0,0,0,0,0,1.75,2.86,5.0
515,Lancer,The Method: Nourish Blemish Control,125.0,8,1614,3.625,1.7,0,0,0,0,0,0,0,0,0,0,0,0,0,0,0,0,0,0,0,0,0,0,0,0,0,0,0,1,0,0,0,0,0,0,0,0,0.5,45.31,73.53
516,AMOREPACIFIC,TIME RESPONSE Skin Reserve Cr√®me,150.0,1,231,5.0,0.5,0,0,0,0,0,0,0,0,0,0,0,0,0,0,0,0,0,0,0,0,0,0,0,0,0,0,0,1,0,0,0,0,0,0,0,0,0.43,500.0,300.0
517,CLINIQUE,Clinique Smart Treatment Oil,44.5,36,4055,4.6389,1.0,0,0,0,0,0,0,0,0,0,0,0,0,0,0,1,0,0,0,0,0,0,0,0,0,0,0,0,0,0,0,0,0,0,0,0,0,0.89,12.89,44.5
518,CLINIQUE,Superdefense SPF 20 Age Defense Moisturizer Combination Oily to Oily,48.0,174,2296,3.9598,1.7,0,0,0,0,0,0,0,0,0,0,0,0,0,0,0,0,0,0,0,0,0,0,0,0,0,0,0,1,0,0,0,0,0,0,0,0,7.58,2.28,28.24
519,Est√©e Lauder,Enlighten Dark Spot Correcting Night Serum,98.0,49,5711,3.9592,1.7,0,0,0,0,0,0,0,0,0,0,0,0,0,0,0,0,1,0,0,0,0,0,0,0,0,0,0,0,0,0,0,0,0,0,0,0,0.86,8.08,57.65
520,Biossance,Squalane + Micronutrient Fine Mist,32.0,27,5215,4.3333,2.53,1,0,0,0,0,0,0,0,0,0,0,0,0,0,0,0,0,0,0,0,0,0,0,0,0,1,0,0,0,0,0,0,0,0,0,0,0.52,16.05,12.65
521,Kiehl's Since 1851,Powerful Wrinkle Reducing Cream Sunscreen Broad Spectrum SPF 30,74.0,8,1207,3.75,2.5,0,0,0,0,0,0,0,0,0,0,0,0,0,0,0,0,0,0,0,0,0,0,0,0,0,0,0,1,0,0,0,0,0,0,0,0,0.66,46.88,29.6
522,Shiseido,Future Solution LX Concentrated Balancing Softener,107.0,7,1096,5.0,5.7,0,0,0,0,0,0,0,0,0,0,0,0,0,0,0,0,0,0,0,0,0,0,0,0,0,0,0,1,0,0,0,0,0,0,0,0,0.64,71.43,18.77
523,Shiseido,Benefiance Concentrated Neck Contour Treatment,55.0,71,2654,3.9155,1.8,0,0,0,0,0,0,0,0,0,1,0,0,0,0,0,0,0,0,0,0,0,0,0,0,0,0,0,0,0,0,0,0,0,0,0,0,2.68,5.51,30.56
524,Moroccanoil,Face Lotion SPF 30,38.0,6,2060,4.6667,1.7,0,0,0,0,0,0,0,0,0,0,0,0,0,0,0,0,0,1,0,0,0,0,0,0,0,0,0,0,0,0,0,0,0,0,0,0,0.29,77.78,22.35
525,Dr. Dennis Gross Skincare,Firming Peptide Milk,68.0,27,4056,4.1852,1.0,0,0,0,0,0,0,0,0,0,0,0,0,0,0,0,0,0,0,0,0,0,0,0,0,0,0,0,1,0,0,0,0,0,0,0,0,0.67,15.5,68.0
526,Lanc√¥me,Visionnaire Nuit Beauty Sleep Perfector,92.0,77,4243,4.4156,1.7,0,0,0,0,0,0,0,0,0,0,0,0,0,0,0,0,0,0,0,0,0,0,0,0,0,0,0,0,1,0,0,0,0,0,0,0,1.81,5.73,54.12
527,MILK MAKEUP,Hydrating Oil Stick,24.0,183,24767,4.1038,1.0,0,0,0,0,0,0,0,0,0,0,0,0,0,0,1,0,0,0,0,0,0,0,0,0,0,0,0,0,0,0,0,0,0,0,0,0,0.74,2.24,24.0
528,AMOREPACIFIC,Botanical Radiance Oil,105.0,46,1848,3.7826,1.0,0,0,0,0,0,0,0,0,0,0,0,0,0,0,1,0,0,0,0,0,0,0,0,0,0,0,0,0,0,0,0,0,0,0,0,0,2.49,8.22,105.0
529,Kiehl's Since 1851,Clearly Corrective‚ Brightening & Soothing Treatment Water,45.0,15,4171,4.7333,6.8,0,0,0,0,0,0,0,0,0,0,0,0,0,0,0,0,0,0,0,0,0,0,0,0,0,1,0,0,0,0,0,0,0,0,0,0,0.36,31.56,6.62
530,Murad,The Power of Hydration,60.0,12,1579,4.5,1.0,0,0,0,0,0,0,0,0,0,0,0,0,0,0,0,0,0,0,0,0,0,0,0,0,0,0,0,0,0,0,0,0,0,0,0,1,0.76,37.5,60.0
531,Perricone MD,Multi-Action Overnight Intensive Firming Mask,99.0,229,1842,4.2707,2.0,0,0,0,0,0,0,0,0,0,0,0,0,0,0,0,0,0,0,0,0,0,0,0,0,0,0,0,1,0,0,0,0,0,0,0,0,12.43,1.86,49.5
532,Eve Lom,WHITE Brightening Cream,110.0,12,1892,4.5833,1.7,0,0,0,0,0,0,0,0,0,0,0,0,0,0,0,0,0,0,0,0,0,0,0,0,0,0,0,1,0,0,0,0,0,0,0,0,0.63,38.19,64.71
533,bareMinerals,ETERNALIXIR‚Ñ¢ Skin-Volumizing Oil Serum,55.0,18,3918,4.4444,1.0,0,0,0,0,0,0,0,0,0,0,0,0,0,0,1,0,0,0,0,0,0,0,0,0,0,0,0,0,0,0,0,0,0,0,0,0,0.46,24.69,55.0
534,Lanc√¥me,Hydra Zen Anti-Stress Moisturizing Face Cream,48.0,56,1649,4.2857,1.7,0,0,0,0,0,0,0,0,0,0,0,0,0,0,0,0,0,0,0,0,0,0,0,0,0,0,0,1,0,0,0,0,0,0,0,0,3.4,7.65,28.24
535,boscia,Rosewater Mist with Witch Hazel,24.0,36,6233,4.1667,4.73,0,0,0,0,0,0,0,0,0,0,0,0,0,0,0,0,0,0,0,0,0,0,0,0,0,1,0,0,0,0,0,0,0,0,0,0,0.58,11.57,5.07
536,Clarins,Santal Face Treatment Oil,59.0,18,4335,5.0,1.0,0,0,0,0,0,0,0,0,0,0,0,0,0,0,1,0,0,0,0,0,0,0,0,0,0,0,0,0,0,0,0,0,0,0,0,0,0.42,27.78,59.0
537,KORRES,Black Pine Antiaging Firming & Lifting Sleeping Facial,68.0,30,2128,3.3667,1.35,1,0,0,0,0,0,0,0,0,0,0,0,0,0,0,0,0,0,0,0,0,0,0,0,0,0,0,0,1,0,0,0,0,0,0,0,1.41,11.22,50.37
538,Origins,A Perfect World‚Ñ¢ Antioxidant Moisturizer with White Tea,45.0,16,2440,4.0,1.7,1,0,0,0,0,0,0,0,0,0,0,0,0,0,0,0,0,0,0,0,0,0,0,0,0,0,0,1,0,0,0,0,0,0,0,0,0.66,25.0,26.47
539,Algenist,Advanced Anti-Aging Repairing Oil,82.0,223,7261,4.4215,1.0,0,0,0,0,0,0,0,0,0,0,0,0,0,0,1,0,0,0,0,0,0,0,0,0,0,0,0,0,0,0,0,0,0,0,0,0,3.07,1.98,82.0
540,Murad,Essential-C Night Moisture,65.0,85,4654,4.2,1.7,0,0,0,0,0,0,0,0,0,0,0,0,0,0,0,0,0,0,0,0,0,0,0,0,0,0,0,0,1,0,0,0,0,0,0,0,1.83,4.94,38.24
541,DERMAdoctor,Calm Cool & Corrected,85.0,275,4386,4.0145,1.7,0,0,0,0,0,0,0,0,0,0,0,0,0,0,0,0,0,0,0,0,0,0,0,0,0,0,0,1,0,0,0,0,0,0,0,0,6.27,1.46,50.0
542,Murad,City Skin Overnight Detox Moisturizer,72.0,46,3585,3.9565,1.7,0,0,0,0,0,0,0,0,0,0,0,0,0,0,0,0,0,0,0,0,0,0,0,0,0,0,0,0,1,0,0,0,0,0,0,0,1.28,8.6,42.35
543,Kiehl's Since 1851,Iris Extract Activating Treatment Essence,45.0,15,4878,4.4667,6.8,0,0,0,0,0,0,0,0,0,0,0,0,0,0,0,0,0,0,0,0,0,0,0,0,0,1,0,0,0,0,0,0,0,0,0,0,0.31,29.78,6.62
544,KORRES,After Sun Greek Yoghurt Cooling Gel for Face and Body,26.0,326,9439,4.589,5.07,1,0,0,0,0,0,0,0,0,0,0,0,0,0,0,0,0,0,0,0,0,0,0,0,0,0,0,1,0,0,0,0,0,0,0,0,3.45,1.41,5.13
545,tarte,Radiance Drops - Rainforest of the Sea‚Ñ¢ Collection,32.0,285,42358,3.7088,1.0,0,0,0,0,0,0,0,0,0,0,0,0,0,0,0,0,0,0,0,0,0,0,1,0,0,0,0,0,0,0,0,0,0,0,0,0,0.67,1.3,32.0
546,Origins,Original Skin‚Ñ¢ Essence Lotion with Dual Ferment Complex,30.0,92,7376,4.1739,5.0,1,0,0,0,0,0,0,0,0,0,0,0,0,0,0,0,0,0,0,0,0,0,0,0,0,0,0,1,0,0,0,0,0,0,0,0,1.25,4.54,6.0
547,Origins,Dr. Andrew Weil for Origins‚Ñ¢ Mega-Mushroom Relief & Resilience Hydra Burst Gel Lotion,68.0,1,308,5.0,1.7,1,0,0,0,0,0,0,0,0,0,0,0,0,0,0,0,0,0,0,0,0,0,0,0,0,0,0,1,0,0,0,0,0,0,0,0,0.32,500.0,40.0
548,CLINIQUE,Age Defense BB Cream Broad Spectrum SPF 30,39.0,756,11331,3.8585,1.4,0,0,1,0,0,0,0,0,0,0,0,0,0,0,0,0,0,0,0,0,0,0,0,0,0,0,0,0,0,0,0,0,0,0,0,0,6.67,0.51,27.86
550,belif,Problem Solution Moisturizer,38.0,43,4664,4.3488,4.22,0,0,0,0,0,0,0,0,0,0,0,0,0,0,0,0,0,0,0,0,0,0,0,0,0,0,0,1,0,0,0,0,0,0,0,0,0.92,10.11,9.0
551,belif,Hydra Sebum Control Essence,42.0,57,7768,4.2807,1.68,0,0,0,0,0,0,0,0,0,0,0,0,0,0,0,0,0,0,0,0,0,0,0,0,0,1,0,0,0,0,0,0,0,0,0,0,0.73,7.51,25.0
552,Lancer,The Method: Nourish Sensitive Skin,125.0,8,744,4.125,1.7,0,0,0,0,0,0,0,0,0,0,0,0,0,0,0,0,0,0,0,0,0,0,0,0,0,0,0,1,0,0,0,0,0,0,0,0,1.08,51.56,73.53
553,Kate Somerville,DermalQuench Liquid Lift‚Ñ¢ Advanced Wrinkle Treatment ,95.0,117,5723,3.6581,2.5,0,0,0,0,0,0,0,0,0,0,0,0,0,0,0,0,1,0,0,0,0,0,0,0,0,0,0,0,0,0,0,0,0,0,0,0,2.04,3.13,38.0
554,Kiehl's Since 1851,Blue Herbal Moisturizer,25.0,18,843,3.2222,3.4,0,0,0,0,0,0,0,0,0,0,0,0,0,0,0,0,0,0,0,0,0,0,0,0,0,0,0,1,0,0,0,0,0,0,0,0,2.14,17.9,7.35
555,Youth To The People,Adaptogen Deep Moisture Cream with Ashwagandha + Reishi,58.0,879,21162,4.7418,2.0,1,0,0,0,0,0,0,0,0,0,0,0,0,0,0,0,0,0,0,0,0,0,0,0,0,0,0,1,0,0,0,0,0,0,0,0,4.15,0.54,29.0
556,KORA Organics,Noni Glow Face Balm,38.0,21,3615,3.7619,0.35,1,0,0,0,0,0,0,0,0,0,0,0,0,0,0,0,0,0,0,0,0,0,0,0,0,0,0,1,0,0,0,0,0,0,0,0,0.58,17.91,108.57
557,Murad,Resurgence Age-Balancing Night Cream,77.0,82,2860,4.0854,1.7,0,0,0,0,0,0,0,0,0,0,0,0,0,0,0,0,0,0,0,0,0,0,0,0,0,0,0,1,0,0,0,0,0,0,0,0,2.87,4.98,45.29
558,Blithe,Vital Treatment Essence for Lifting,46.0,30,6258,4.4667,5.0,0,0,0,0,0,0,0,0,0,0,0,0,0,0,0,0,0,0,0,0,0,0,0,0,0,1,0,0,0,0,0,0,0,0,0,0,0.48,14.89,9.2
559,SEPHORA COLLECTION,8 HR Mattifying Moisturizer Sunscreen Broad Spectrum SPF20,23.0,510,6994,4.1941,1.69,0,0,0,0,0,0,0,0,0,0,0,0,0,0,0,0,0,0,0,0,0,0,0,0,0,0,0,1,0,0,0,0,0,0,0,0,7.29,0.82,13.61
560,Lancer,Intensive Night Treatment with Hylaplex¬Æ and Marula Oil,155.0,7,1412,4.2857,1.7,0,0,0,0,0,0,0,0,0,0,0,0,0,0,0,0,0,0,0,0,0,0,0,0,0,0,0,0,1,0,0,0,0,0,0,0,0.5,61.22,91.18
561,Guerlain,Abeille Royale Night Cream,182.0,25,1613,4.48,1.6,0,0,0,0,0,0,0,0,0,0,0,0,0,0,0,0,0,0,0,0,0,0,0,0,0,0,0,0,1,0,0,0,0,0,0,0,1.55,17.92,113.75
562,L'Occitane,Immortelle Precious Cream,65.0,195,3755,4.4154,1.7,0,0,0,0,0,0,0,0,0,0,0,0,0,0,0,0,0,0,0,0,0,0,0,0,0,0,0,1,0,0,0,0,0,0,0,0,5.19,2.26,38.24
563,Lanc√¥me,Hydra Zen Anti-Stress Moisturizing Beauty Facial Essence,42.0,18,2587,4.7222,6.7,0,0,0,0,0,0,0,0,0,0,0,0,0,0,0,0,0,0,0,0,0,0,0,0,0,1,0,0,0,0,0,0,0,0,0,0,0.7,26.23,6.27
564,Dermalogica,Intensive Moisture Balance Moisturizer,50.0,93,232,4.5806,1.7,0,0,0,0,0,0,0,0,0,0,0,0,0,0,0,0,0,0,0,0,0,0,0,0,0,0,0,1,0,0,0,0,0,0,0,0,40.09,4.93,29.41
565,KORRES,H2Rose Hydrating Face Mist,34.0,10,1183,4.7,3.38,1,0,0,0,0,0,0,0,0,0,0,0,0,0,0,0,0,0,0,0,0,0,0,0,0,1,0,0,0,0,0,0,0,0,0,0,0.85,47.0,10.06
566,Algenist,Repairing Tint & Radiance Moisturizer SPF 30,42.0,102,3369,4.1078,,0,0,0,0,0,0,0,0,0,0,0,0,0,0,0,0,0,0,0,0,0,0,0,0,0,0,0,1,0,0,0,0,0,0,0,0,3.03,4.03,
567,Erborian,Yuza Double Lotion,36.0,104,7901,4.5962,6.4,0,0,0,0,0,0,0,0,0,0,0,0,0,0,0,0,0,0,0,0,0,0,0,0,0,0,0,1,0,0,0,0,0,0,0,0,1.32,4.42,5.62
568,KORA Organics,Crystal Luminizer,28.0,38,7770,3.9737,,1,0,0,0,0,0,0,0,0,0,0,0,0,0,0,0,0,0,0,0,0,0,0,0,0,0,0,1,0,0,0,0,0,0,0,0,0.49,10.46,
569,Erborian,Cleansing Micellar Water,26.0,18,4433,4.7778,6.4,0,0,0,0,0,0,0,0,0,0,0,0,0,0,0,0,0,0,1,0,0,0,0,0,0,0,0,0,0,0,0,0,0,0,0,0,0.41,26.54,4.06
570,CLINIQUE,Repairwear Laser Focus Night Line Smoothing Cream for Combination Oily to Oily Skin,52.5,2,2016,5.0,1.7,0,0,0,0,0,0,0,0,0,0,0,0,0,0,0,0,0,0,0,0,0,0,0,0,0,0,0,1,0,0,0,0,0,0,0,0,0.1,250.0,30.88
571,L'Occitane,Shea Light Comforting Cream,29.0,105,3940,4.4381,1.7,0,0,0,0,0,0,0,0,0,0,0,0,0,0,0,0,0,0,0,0,0,0,0,0,0,0,0,1,0,0,0,0,0,0,0,0,2.66,4.23,17.06
572,Josie Maran,Surreal Skin Argan Finishing Balm,36.0,485,21329,3.6577,0.5,1,0,0,0,0,0,0,0,0,0,0,0,0,0,0,1,0,0,0,0,0,0,0,0,0,0,0,0,0,0,0,0,0,0,0,0,2.27,0.75,72.0
573,Peter Thomas Roth,Hungarian Thermal Water Mineral-Rich Moisturizer,58.0,107,6900,3.5607,1.7,0,0,0,0,0,0,0,0,0,0,0,0,0,0,0,0,0,0,0,0,0,0,0,0,0,0,0,1,0,0,0,0,0,0,0,0,1.55,3.33,34.12
574,Murad,Balancing Moisturizer Broad Spectrum SPF 15 PA++,40.0,49,2495,3.7347,1.7,0,0,0,0,0,0,0,0,0,0,0,0,0,0,0,0,0,0,0,0,0,0,0,0,0,0,0,1,0,0,0,0,0,0,0,0,1.96,7.62,23.53
575,Shiseido,Future Solution LX Total Regenerating Cream,285.0,4,932,4.0,1.7,0,0,0,0,0,0,0,0,0,0,0,0,0,0,0,0,0,0,0,0,0,0,0,0,0,0,0,1,0,0,0,0,0,0,0,0,0.43,100.0,167.65
576,Blithe,Vital Treatment Essence for Hydrating,42.0,50,8301,4.48,5.0,0,0,0,0,0,0,0,0,0,0,0,0,0,0,0,0,0,0,0,0,0,0,0,0,0,1,0,0,0,0,0,0,0,0,0,0,0.6,8.96,8.4
577,KORA Organics,Hydrating Moisturizer for Dry Skin,48.0,19,2420,4.0526,1.69,1,0,0,0,0,0,0,0,0,0,0,0,0,0,0,0,0,0,0,0,0,0,0,0,0,0,0,1,0,0,0,0,0,0,0,0,0.79,21.33,28.4
578,CLINIQUE,Repairwear Sculpting Night Cream,66.0,33,1753,4.0,1.7,0,0,0,0,0,0,0,0,0,0,0,0,0,0,0,0,0,0,0,0,0,0,0,0,0,0,0,0,1,0,0,0,0,0,0,0,1.88,12.12,38.82
579,Shiseido,Pureness Moisturizing Gel-Cream,33.5,124,3811,4.4597,1.4,0,0,0,0,0,0,0,0,0,0,0,0,0,0,0,0,0,0,0,0,0,0,0,0,0,0,0,1,0,0,0,0,0,0,0,0,3.25,3.6,23.93
580,Murad,Rejuvenating Lift For Neck and D√©collet√©,60.0,60,3716,3.9333,1.7,0,0,0,0,0,0,0,0,0,1,0,0,0,0,0,0,0,0,0,0,0,0,0,0,0,0,0,0,0,0,0,0,0,0,0,0,1.61,6.56,35.29
581,Evian,Brumisateur¬Æ Natural Mineral Water Facial Spray Travel Duo,16.0,1000,20168,4.5746,1.7,0,0,0,0,0,0,0,0,0,0,0,0,0,0,0,0,0,0,0,0,0,0,0,0,0,1,0,0,0,0,0,0,0,0,0,0,4.96,0.46,9.41
582,Volition Beauty,Oceanene Youth-Boost Gel,50.0,91,5474,4.5275,2.0,1,0,0,0,0,0,0,0,0,0,0,0,0,0,0,0,0,0,0,0,0,0,0,0,0,0,0,1,0,0,0,0,0,0,0,0,1.66,4.98,25.0
583,Perricone MD,Vitamin C Ester Brightening Overnight Treatment,99.0,322,4810,4.4938,2.0,0,0,0,0,0,0,0,0,0,0,0,0,0,0,0,0,0,0,0,0,0,0,0,0,0,0,0,0,1,0,0,0,0,0,0,0,6.69,1.4,49.5
584,KORA Organics,Soothing Moisturizer for Sensitive Skin,48.0,14,1317,4.2143,1.69,1,0,0,0,0,0,0,0,0,0,0,0,0,0,0,0,0,0,0,0,0,0,0,0,0,0,0,1,0,0,0,0,0,0,0,0,1.06,30.1,28.4
585,Lanc√¥me,ABSOLUE PREMIUM √üx ‚Äì Absolute Replenishing Cream SPF 15 Sunscreen,175.0,66,1641,4.4697,1.7,0,0,0,0,0,0,0,0,0,0,0,0,0,0,0,0,0,0,0,0,0,0,0,0,0,0,0,1,0,0,0,0,0,0,0,0,4.02,6.77,102.94
586,Origins,Make A Difference‚Ñ¢ Plus + Rejuvenating Moisturizer,46.0,101,4412,4.396,1.7,1,0,0,0,0,0,0,0,0,0,0,0,0,0,0,0,0,0,0,0,0,0,0,0,0,0,0,1,0,0,0,0,0,0,0,0,2.29,4.35,27.06
587,LANEIGE,Fresh Calming Mousse Moisturizer,29.0,24,3735,4.1667,,0,0,0,0,0,0,0,0,0,0,0,0,0,0,0,0,0,0,0,0,0,0,0,0,0,0,0,1,0,0,0,0,0,0,0,0,0.64,17.36,
588,Tata Harper,Beautifying Face Oil,78.0,23,2847,3.6522,,1,0,0,0,0,0,0,0,0,0,0,0,0,0,1,0,0,0,0,0,0,0,0,0,0,0,0,0,0,0,0,0,0,0,0,0,0.81,15.88,
589,Lanc√¥me,HIGH R√âSOLUTION REFILL-3X‚Ñ¢ SPF 15,95.0,66,739,4.1364,1.69,0,0,0,0,0,0,0,0,0,0,0,0,0,0,0,0,0,0,0,0,0,0,0,0,0,0,0,1,0,0,0,0,0,0,0,0,8.93,6.27,56.21
590,REN Clean Skincare,Vita-Mineral Daily Supplement Moisturising Cream,40.0,143,2795,4.3566,1.7,1,0,0,0,0,0,0,0,0,0,0,0,0,0,0,0,0,0,0,0,0,0,0,0,0,0,0,1,0,0,0,0,0,0,0,0,5.12,3.05,23.53
591,belif,Pore Cleaner Moisturizer,32.0,40,4784,3.925,4.22,0,0,0,0,0,0,0,0,0,0,0,0,0,0,0,0,0,0,0,0,0,0,0,0,0,0,0,1,0,0,0,0,0,0,0,0,0.84,9.81,7.58
592,BeautyBio,The Quench Quadralipid Recovery Cream,125.0,9,1031,4.6667,1.7,0,0,0,0,0,0,0,0,0,0,0,0,0,0,0,0,0,0,0,0,0,0,0,0,0,0,0,1,0,0,0,0,0,0,0,0,0.87,51.85,73.53
593,Lancer,Advanced C Radiance Cream with Vitamin C Collagen Cofactor 10x,85.0,21,2668,3.9524,1.7,0,0,0,0,0,0,0,0,0,0,0,0,0,0,0,0,1,0,0,0,0,0,0,0,0,0,0,0,0,0,0,0,0,0,0,0,0.79,18.82,50.0
594,Dior,Hydra Life Balancing Hydration 2 in 1 Sorbet Water,43.0,8,1043,3.5,5.9,0,0,0,0,0,0,0,0,0,0,0,0,0,0,0,0,0,0,0,0,0,0,0,0,0,1,0,0,0,0,0,0,0,0,0,0,0.77,43.75,7.29
595,SK-II,Ultimate Revival Essence,305.0,7,1526,4.5714,5.07,0,0,0,0,0,0,0,0,0,0,0,0,0,0,0,0,0,0,0,0,0,0,0,0,0,1,0,0,0,0,0,0,0,0,0,0,0.46,65.31,60.16
596,Fresh,Lotus Youth Preserve Radiance Lotion,33.0,119,8924,4.0588,1.0,0,0,0,0,0,0,0,0,0,0,0,0,0,0,0,0,0,0,0,0,0,0,0,0,0,0,0,1,0,0,0,0,0,0,0,0,1.33,3.41,33.0
597,Moon Juice,Holy Yoni Adaptogenic Oil,48.0,8,1460,4.375,1.0,1,0,0,0,0,0,0,0,0,0,0,0,0,0,1,0,0,0,0,0,0,0,0,0,0,0,0,0,0,0,0,0,0,0,0,0,0.55,54.69,48.0
598,Obagi Clinical,Kinetin+ Hydrating Cream,55.0,1,162,5.0,1.7,0,0,0,0,0,0,0,0,0,0,0,0,0,0,0,0,0,0,0,0,0,0,0,0,0,0,0,1,0,0,0,0,0,0,0,0,0.62,500.0,32.35
599,Kiehl's Since 1851,Super Multi-Corrective Cream Sunscreen Broad Spectrum SPF 30,85.0,4,1063,3.5,2.5,0,0,0,0,0,0,0,0,0,0,0,0,0,0,0,0,0,0,0,0,0,0,0,0,0,0,0,1,0,0,0,0,0,0,0,0,0.38,87.5,34.0
600,Evian,Evian x Chiara Ferragni Limited Edition Brumisateur¬Æ Natural Mineral Water Facial Spray,18.0,8,2601,5.0,10.1,0,0,0,0,0,0,0,0,0,0,0,0,0,0,0,0,0,0,0,0,0,0,0,0,0,1,0,0,0,0,0,0,0,0,0,0,0.31,62.5,1.78
601,L'Occitane,Immortelle Divine Youth Oil,100.0,40,2650,4.075,,0,0,0,0,0,0,0,0,0,0,0,0,0,0,1,0,0,0,0,0,0,0,0,0,0,0,0,0,0,0,0,0,0,0,0,0,1.51,10.19,
602,philosophy,anti-wrinkle miracle worker night+ line-correcting overnight cream,68.0,2,277,4.0,2.0,0,0,0,0,0,0,0,0,0,0,0,0,0,0,0,0,0,0,0,0,0,0,0,0,0,0,0,1,0,0,0,0,0,0,0,0,0.72,200.0,34.0
603,Dr. Brandt Skincare,Xtend Your Youth Face Cream,59.0,52,2643,3.9808,1.7,0,0,0,0,0,0,0,0,0,0,0,0,0,0,0,0,0,0,0,0,0,0,0,0,0,0,0,1,0,0,0,0,0,0,0,0,1.97,7.66,34.71
604,CLINIQUE,Pore Refining Solutions Stay-Matte Hydrator,39.0,81,6286,4.0247,1.7,0,0,0,0,0,0,0,0,0,0,0,0,0,0,0,0,0,0,0,0,0,0,0,0,0,0,0,1,0,0,0,0,0,0,0,0,1.29,4.97,22.94
605,Perricone MD,Essential Fx Acyl-Glutathione Rejuvenating Moisturizer,98.0,139,1017,4.4532,1.0,0,0,0,0,0,0,0,0,0,0,0,0,0,0,0,0,0,0,0,0,0,0,0,0,0,0,0,1,0,0,0,0,0,0,0,0,13.67,3.2,98.0
606,Origins,Dr. Andrew Weil For Origins‚Ñ¢ Mega‚ÄìBright Skin Illuminating Moisturizer,56.0,25,2630,4.12,1.7,1,0,0,0,0,0,0,0,0,0,0,0,0,0,0,0,0,0,0,0,0,0,0,0,0,0,0,1,0,0,0,0,0,0,0,0,0.95,16.48,32.94
607,Go-To ,Very Useful Face Cream,31.0,31,2092,4.1935,1.69,1,0,0,0,0,0,0,0,0,0,0,0,0,0,0,0,0,0,0,0,0,0,0,0,0,0,0,1,0,0,0,0,0,0,0,0,1.48,13.53,18.34
608,L'Occitane,Ultra Rich Face Cream,34.0,300,5122,4.48,1.7,0,0,0,0,0,0,0,0,0,0,0,0,0,0,0,0,0,0,0,0,0,0,0,0,0,0,0,1,0,0,0,0,0,0,0,0,5.86,1.49,20.0
609,RODIN olio lusso , Lavender Absolute Luxury Face Oil ,170.0,9,171,5.0,1.0,0,0,0,0,0,0,0,0,0,0,0,0,0,0,1,0,0,0,0,0,0,0,0,0,0,0,0,0,0,0,0,0,0,0,0,0,5.26,55.56,170.0
610,belif,Aqua Bomb Mist,34.0,23,6582,3.7826,2.02,0,0,0,0,0,0,0,0,0,0,0,0,0,0,0,0,0,0,0,0,0,0,0,0,0,1,0,0,0,0,0,0,0,0,0,0,0.35,16.45,16.83
611,bareMinerals,SMART COMBINATION‚Ñ¢ Smoothing Lightweight Emulsion,35.0,16,2080,4.375,1.7,0,0,0,0,0,0,0,0,0,0,0,0,0,0,0,0,0,0,0,0,0,0,0,0,0,1,0,0,0,0,0,0,0,0,0,0,0.77,27.34,20.59
612,Dior,Capture Totale Multi-Perfection Creme Refill,140.0,4,696,5.0,2.0,0,0,0,0,0,0,0,0,0,0,0,0,0,0,0,0,0,0,0,0,0,0,0,0,0,0,0,1,0,0,0,0,0,0,0,0,0.57,125.0,70.0
613,Clarins,Hydra-Essentiel Cooling Gel - Normal to Combination Skin,48.0,516,2484,4.0891,1.7,0,0,0,0,0,0,0,0,0,0,0,0,0,0,0,0,0,0,0,0,0,0,0,0,0,0,0,1,0,0,0,0,0,0,0,0,20.77,0.79,28.24
614,CLINIQUE,Repairwear Uplifting Firming Cream Broad Spectrum SPF 15,64.5,13,719,3.7692,1.7,0,0,0,0,0,0,0,0,0,0,0,0,0,0,0,0,0,0,0,0,0,0,0,0,0,0,0,1,0,0,0,0,0,0,0,0,1.81,28.99,37.94
615,Est√©e Lauder,Revitalizing Supreme Light+ Global Anti-Aging Cell Power Creme Oil-Free,82.0,5,696,4.2,1.7,0,0,0,0,0,0,0,0,0,0,0,0,0,0,0,0,0,0,0,0,0,0,0,0,0,0,0,1,0,0,0,0,0,0,0,0,0.72,84.0,48.24
616,Erno Laszlo,Phelityl Night Cream,126.0,8,1320,4.0,1.7,0,0,0,0,0,0,0,0,0,0,0,0,0,0,0,0,0,0,0,0,0,0,0,0,0,0,0,0,1,0,0,0,0,0,0,0,0.61,50.0,74.12
617,Origins,Plantscription‚Ñ¢ Powerful Lifting Overnight Mask,63.0,13,4368,4.5385,2.5,1,0,0,0,0,0,0,0,0,0,0,0,0,1,0,0,0,0,0,0,0,0,0,0,0,0,0,0,0,0,0,0,0,0,0,0,0.3,34.91,25.2
618,Evian,Brumisateur¬Æ Natural Mineral Water Facial Spray Travel Trio,22.5,76,6236,4.7105,1.7,0,0,0,0,0,0,0,0,0,0,0,0,0,0,0,0,0,0,0,0,0,0,0,0,0,1,0,0,0,0,0,0,0,0,0,0,1.22,6.2,13.24
619,Kopari,Save Face Oil,46.0,11,2322,4.6364,1.7,1,0,0,0,0,0,0,0,0,0,0,0,0,0,1,0,0,0,0,0,0,0,0,0,0,0,0,0,0,0,0,0,0,0,0,0,0.47,42.15,27.06
620,Est√©e Lauder,DayWear BB Anti-Oxidant Beauty Benefit Cr√®me SPF 35,42.0,54,7208,3.6852,1.0,0,0,1,0,0,0,0,0,0,0,0,0,0,0,0,0,0,0,0,0,0,0,0,0,0,0,0,0,0,0,0,0,0,0,0,0,0.75,6.82,42.0
621,philosophy,Purity Made Simple Hydra-Essence with Coconut Water,22.0,2,490,5.0,6.7,0,0,0,0,0,0,0,0,0,0,0,0,0,0,0,0,0,0,0,0,0,0,0,0,0,1,0,0,0,0,0,0,0,0,0,0,0.41,250.0,3.28
622,Son & Park,Beauty Filter Cream Glow,32.0,96,10046,4.1563,1.4,0,0,0,0,0,0,0,0,0,0,0,0,0,0,0,0,0,0,0,0,0,0,0,0,0,0,0,1,0,0,0,0,0,0,0,0,0.96,4.33,22.86
623,Bobbi Brown,Extra Illuminating Moisture Balm,68.0,136,6668,3.3235,1.0,0,0,0,0,0,0,0,0,0,0,0,0,0,0,0,0,0,0,0,0,0,0,0,0,0,0,0,1,0,0,0,0,0,0,0,0,2.04,2.44,68.0
624,Lanc√¥me,R√©nergie Lift Multi-Action Lifting and Firming Moisturizer Light Cream,99.0,11,1423,4.0909,1.7,0,0,0,0,0,0,0,0,0,0,0,0,0,0,0,0,0,0,0,0,0,0,0,0,0,0,0,1,0,0,0,0,0,0,0,0,0.77,37.19,58.24
625,Perricone MD,H2 Elemental Energy Hydrating Cloud Cream,59.0,66,2690,3.8485,1.7,0,0,0,0,0,0,0,0,0,0,0,0,0,0,0,0,0,0,0,0,0,0,0,0,0,0,0,1,0,0,0,0,0,0,0,0,2.45,5.83,34.71
626,belif,Moisturizing Bomb Cushion Compact Broad Spectrum SPF 50,42.0,35,2473,3.7714,1.04,0,0,1,0,0,0,0,0,0,0,0,0,0,0,0,0,0,0,0,0,0,0,0,0,0,0,0,0,0,0,0,0,0,0,0,0,1.42,10.78,40.38
627,Marc Jacobs Beauty,Re(cover) Perfecting Coconut Setting Mist,39.0,265,17830,3.3736,3.8,0,0,0,0,0,0,0,0,0,0,0,0,0,0,0,0,0,0,0,0,0,0,0,0,0,1,0,0,0,0,0,0,0,0,0,0,1.49,1.27,10.26
628,Guerlain,Abeille Royale Day Cream,154.0,10,1290,3.8,1.6,0,0,0,0,0,0,0,0,0,0,0,0,0,0,0,0,0,0,0,0,0,0,0,0,0,0,0,1,0,0,0,0,0,0,0,0,0.78,38.0,96.25
629,KORA Organics,Balancing Rose Mist,34.0,15,3061,3.6667,3.38,1,0,0,0,0,0,0,0,0,0,0,0,0,0,0,0,0,0,0,0,0,0,0,0,0,1,0,0,0,0,0,0,0,0,0,0,0.49,24.44,10.06
630,DERMAdoctor,Wrinkle Revenge Rescue & Protect Facial Cream,58.0,95,1531,4.2316,1.7,0,0,0,0,0,0,0,0,0,0,0,0,0,0,0,0,0,0,0,0,0,0,0,0,0,0,0,1,0,0,0,0,0,0,0,0,6.21,4.45,34.12
631,Kiehl's Since 1851,Rosa Artica Youth Regenerating Cream,79.0,2,727,4.5,2.5,0,0,0,0,0,0,0,0,0,0,0,0,0,0,0,0,0,0,0,0,0,0,0,0,0,0,0,1,0,0,0,0,0,0,0,0,0.28,225.0,31.6
632,SK-II,Facial Treatment Oil,150.0,129,3097,4.4884,1.6,0,0,0,0,0,0,0,0,0,0,0,0,0,0,1,0,0,0,0,0,0,0,0,0,0,0,0,0,0,0,0,0,0,0,0,0,4.17,3.48,93.75
633,BeautyBio,The Ultimate Hydrating Vitamin C Facial Moisturizer,75.0,8,1193,4.375,1.7,0,0,0,0,0,0,0,0,0,0,0,0,0,0,0,0,0,0,0,0,0,0,0,0,0,0,0,1,0,0,0,0,0,0,0,0,0.67,54.69,44.12
634,tarte,Maracuja Gold Oil Limited Edition,50.0,10,2325,4.2,1.7,0,0,0,0,0,0,0,0,0,0,0,0,0,0,1,0,0,0,0,0,0,0,0,0,0,0,0,0,0,0,0,0,0,0,0,0,0.43,42.0,29.41
635,boscia,Rosehip Omega Face Oil,42.0,12,1773,4.1667,0.95,1,0,0,0,0,0,0,0,0,0,0,0,0,0,1,0,0,0,0,0,0,0,0,0,0,0,0,0,0,0,0,0,0,0,0,0,0.68,34.72,44.21
636,REN Clean Skincare,Ultra Moisture Day Cream,55.0,102,2871,4.402,1.7,1,0,0,0,0,0,0,0,0,0,0,0,0,0,0,0,0,0,0,0,0,0,0,0,0,0,0,1,0,0,0,0,0,0,0,0,3.55,4.32,32.35
637,Dr. Dennis Gross Skincare,C + Collagen Perfect Skin Set & Refresh Mist,30.0,39,5216,4.3333,3.0,0,0,0,0,0,0,0,0,0,0,0,0,0,0,0,0,0,0,0,0,0,0,0,0,0,1,0,0,0,0,0,0,0,0,0,0,0.75,11.11,10.0
638,BeautyBio,The Radiance Brightening Vitamin E + Rosehip Seed Facial Oil,70.0,6,1120,4.0,1.0,0,0,0,0,0,0,0,0,0,0,0,0,0,0,1,0,0,0,0,0,0,0,0,0,0,0,0,0,0,0,0,0,0,0,0,0,0.54,66.67,70.0
639,Jack Black,Dry Erase¬Æ Ultra-Calming Face Cream,38.0,6,1121,4.6667,2.5,0,0,0,0,0,0,0,0,0,0,0,0,0,0,0,0,0,0,0,0,0,0,0,0,0,0,0,1,0,0,0,0,0,0,0,0,0.54,77.78,15.2
640,Origins,Make A Difference‚Ñ¢ Plus + Rejuvenating Treatment,46.0,94,4588,4.3617,1.7,1,0,0,0,0,0,0,0,0,0,0,0,0,0,0,0,0,0,0,0,0,0,0,0,0,0,0,1,0,0,0,0,0,0,0,0,2.05,4.64,27.06
641,Edible Beauty,No. 4 Vanilla Silk Hydrating Lotion,47.0,36,2175,4.3611,1.7,1,0,0,0,0,0,0,0,0,0,0,0,0,0,0,0,0,0,0,0,0,0,0,0,0,0,0,1,0,0,0,0,0,0,0,0,1.66,12.11,27.65
642,Proactiv,Complexion Perfecting Hydrator,60.0,1,313,5.0,3.0,0,0,0,0,0,0,0,0,0,0,0,0,0,0,0,0,0,0,0,0,0,0,0,0,0,0,0,1,0,0,0,0,0,0,0,0,0.32,500.0,20.0
643,Volition Beauty,Oil-Control Mattifying Mist,29.0,82,6271,4.0732,1.7,1,0,0,0,0,0,0,0,0,0,0,0,0,0,0,0,0,0,0,0,0,0,0,0,0,1,0,0,0,0,0,0,0,0,0,0,1.31,4.97,17.06
644,Edible Beauty,Coco Bliss Intensive Repair,48.0,38,2623,4.5263,1.7,1,0,0,0,0,0,0,0,0,0,0,0,0,0,0,0,0,0,0,0,0,0,0,0,0,0,0,0,1,0,0,0,0,0,0,0,1.45,11.91,28.24
645,LANEIGE,Water Bank Dual Layer Face Oil,38.0,12,2553,4.5,1.6,0,0,0,0,0,0,0,0,0,0,0,0,0,0,1,0,0,0,0,0,0,0,0,0,0,0,0,0,0,0,0,0,0,0,0,0,0.47,37.5,23.75
646,Lanc√¥me,Visionnaire Skin Solutions Pure 0.2% Retinol Correcting Night Concentrate,75.0,212,220,4.4292,1.0,0,0,0,0,0,0,0,0,0,0,0,0,0,0,0,0,1,0,0,0,0,0,0,0,0,0,0,0,0,0,0,0,0,0,0,0,96.36,2.09,75.0
647,Caudalie,Premier Cru Precious Oil,89.0,24,2543,4.125,1.0,1,0,0,0,0,0,0,0,0,0,0,0,0,0,1,0,0,0,0,0,0,0,0,0,0,0,0,0,0,0,0,0,0,0,0,0,0.94,17.19,89.0
648,tarte,"Ready, Set, Radiant Skin Mist",25.0,148,7059,3.2095,2.5,0,0,0,0,0,0,0,0,0,0,0,0,0,0,0,0,0,0,0,0,0,0,0,0,0,0,0,0,0,1,0,0,0,0,0,0,2.1,2.17,10.0
649,boscia,White Charcoal Mattifying MakeUp Setting Spray,38.0,562,31022,3.6388,,1,0,0,0,0,0,0,0,0,0,0,0,0,0,0,0,0,0,0,0,0,0,0,0,0,0,0,0,0,1,0,0,0,0,0,0,1.81,0.65,
650,Koh Gen Do,Oriental Plants Cream,140.0,11,1020,4.0,1.41,0,0,0,0,0,0,0,0,0,0,0,0,0,0,0,0,0,0,0,0,0,0,0,0,0,0,0,1,0,0,0,0,0,0,0,0,1.08,36.36,99.29
651,Est√©e Lauder,Advanced Time Zone SPF 15- Normal/Combination Skin,75.0,9,996,3.8889,1.7,0,0,0,0,0,0,0,0,0,0,0,0,0,0,0,0,0,0,0,0,0,0,0,0,0,0,0,1,0,0,0,0,0,0,0,0,0.9,43.21,44.12
652,Dior,Hydra Life Hydration Rescue Intense Sorbet Creme,69.0,16,1517,4.125,1.7,0,0,0,0,0,0,0,0,0,0,0,0,0,0,0,0,0,0,0,0,0,0,0,0,0,0,0,1,0,0,0,0,0,0,0,0,1.05,25.78,40.59
653,J.One,Hana Cream,50.0,52,3494,4.0962,1.41,0,0,0,0,0,0,0,0,0,0,0,0,0,0,0,0,0,0,0,0,0,0,0,0,0,0,0,1,0,0,0,0,0,0,0,0,1.49,7.88,35.46
654,Fresh,Peony Brightening Night Treatment Mask,84.0,137,12333,4.0365,3.3,0,0,0,0,0,0,0,0,0,0,0,0,0,0,0,0,0,0,0,0,0,0,0,0,0,0,0,0,1,0,0,0,0,0,0,0,1.11,2.95,25.45
655,Caudalie,Premier Cru Rich Cream,140.0,18,1929,4.3889,1.7,1,0,0,0,0,0,0,0,0,0,0,0,0,0,0,0,0,0,0,0,0,0,0,0,0,0,0,1,0,0,0,0,0,0,0,0,0.93,24.38,82.35
657,KORRES,Wild Rose Smoothie Brightening Priming Moisturiser,45.0,47,5174,4.1277,1.01,1,0,0,0,0,0,0,0,0,0,0,0,0,0,0,0,0,0,0,0,0,0,0,0,0,0,0,1,0,0,0,0,0,0,0,0,0.91,8.78,44.55
658,Lanc√¥me,Bienfait Aqua Vital Lotion - Continuous Infusing Moisturizer,50.0,29,1775,4.3448,1.69,0,0,0,0,0,0,0,0,0,0,0,0,0,0,0,0,0,0,0,0,0,0,0,0,0,0,0,1,0,0,0,0,0,0,0,0,1.63,14.98,29.59
659,Shiseido,White Lucent All Day Brightener Broad Spectrum SPF 22,57.0,17,1426,3.6471,1.7,0,0,0,0,0,0,0,0,0,0,0,0,0,0,0,0,0,0,0,0,0,0,0,0,0,0,0,1,0,0,0,0,0,0,0,0,1.19,21.45,33.53
660,Erborian,Liquid BB Cr√®me Au Ginseng Cushion Compact,48.0,22,3152,3.9091,0.49,0,0,1,0,0,0,0,0,0,0,0,0,0,0,0,0,0,0,0,0,0,0,0,0,0,0,0,0,0,0,0,0,0,0,0,0,0.7,17.77,97.96
661,Est√©e Lauder,Resilience Multi-Effect Tri-Peptide Face and Neck Cr√®me,92.0,19,4766,3.8421,1.7,0,0,0,0,0,0,0,0,0,0,0,0,0,0,0,0,0,0,0,0,0,0,0,0,0,0,0,1,0,0,0,0,0,0,0,0,0.4,20.22,54.12
662,GLAMGLOW,STARPOTION‚Ñ¢ Liquid Charcoal Clarifying Oil,54.0,208,6076,4.2981,1.0,0,0,0,0,0,0,0,0,0,0,0,0,0,0,1,0,0,0,0,0,0,0,0,0,0,0,0,0,0,0,0,0,0,0,0,0,3.42,2.07,54.0
663,Clarins,Lotus Face Treatment Oil,59.0,122,5888,4.3361,1.0,0,0,0,0,0,0,0,0,0,0,0,0,0,0,1,0,0,0,0,0,0,0,0,0,0,0,0,0,0,0,0,0,0,0,0,0,2.07,3.55,59.0
664,philosophy,When Hope is Not Enough Facial Replenishing Balm,47.0,8,865,3.625,2.0,0,0,0,0,0,0,0,0,0,0,0,0,0,0,0,0,0,0,0,0,0,0,0,0,0,0,0,1,0,0,0,0,0,0,0,0,0.92,45.31,23.5
665,MILK MAKEUP,Sunshine Oil,38.0,151,11440,4.2252,0.5,0,0,0,0,0,0,0,0,0,0,0,0,0,0,1,0,0,0,0,0,0,0,0,0,0,0,0,0,0,0,0,0,0,0,0,0,1.32,2.8,76.0
666,Origins,Plantscription‚Ñ¢ Youth-Renewing Face Oil,55.0,43,5059,4.6279,,1,0,0,0,0,0,0,0,0,0,0,0,0,0,1,0,0,0,0,0,0,0,0,0,0,0,0,0,0,0,0,0,0,0,0,0,0.85,10.76,
669,Go-To ,Exceptionoil,39.0,12,1388,4.6667,2.87,1,0,0,0,0,0,0,0,0,0,0,0,0,0,1,0,0,0,0,0,0,0,0,0,0,0,0,0,0,0,0,0,0,0,0,0,0.86,38.89,13.59
670,Wander Beauty,Glow Getter Mist,28.0,26,4573,4.3846,2.029,0,0,0,0,0,0,0,0,0,0,0,0,0,0,0,0,0,0,0,0,0,0,0,0,0,1,0,0,0,0,0,0,0,0,0,0,0.57,16.86,13.8
671,Est√©e Lauder,Micro Essence Aquaceutical‚Ñ¢ Mist,70.0,2,1257,5.0,2.5,0,0,0,0,0,0,0,0,0,0,0,0,0,0,0,0,0,0,0,0,0,0,0,0,0,1,0,0,0,0,0,0,0,0,0,0,0.16,250.0,28.0
672,Erno Laszlo,White Marble Translucence Cream,125.0,14,1485,4.6429,1.7,0,0,0,0,0,0,0,0,0,0,0,0,0,0,0,0,0,0,0,0,0,0,0,0,0,0,0,1,0,0,0,0,0,0,0,0,0.94,33.16,73.53
673,DERMAdoctor,DD Cream Dermatologically Defining BB Cream Broad Spectrum SPF 30,40.0,282,4072,3.4291,1.3,0,0,1,0,0,0,0,0,0,0,0,0,0,0,0,0,0,0,0,0,0,0,0,0,0,0,0,0,0,0,0,0,0,0,0,0,6.93,1.22,30.77
674,Shiseido,Bio-Performance LiftDynamic Cream,117.0,5,1530,3.4,1.7,0,0,0,0,0,0,0,0,0,0,0,0,0,0,0,0,0,0,0,0,0,0,0,0,0,0,0,1,0,0,0,0,0,0,0,0,0.33,68.0,68.82
675,Clarins,Multi-Active Day Cream-Gel - Normal to Combination Skin,55.0,17,1414,3.7059,1.7,0,0,0,0,0,0,0,0,0,0,0,0,0,0,0,0,0,0,0,0,0,0,0,0,0,0,0,1,0,0,0,0,0,0,0,0,1.2,21.8,32.35
676,belif,The True Tincture Essence - Chamomile,46.0,20,3387,4.45,2.53,0,0,0,0,0,0,0,0,0,0,0,0,0,0,0,0,0,0,0,0,0,0,0,0,0,1,0,0,0,0,0,0,0,0,0,0,0.59,22.25,18.18
677,Origins,GinZing‚Ñ¢ Energy-Boosting Treatment Lotion Mist,22.5,61,5764,3.7869,5.0,1,0,0,0,0,0,0,0,0,0,0,0,0,0,0,0,0,0,0,0,0,0,0,0,0,1,0,0,0,0,0,0,0,0,0,0,1.06,6.21,4.5
678,Est√©e Lauder,"DayWear Advanced Multi-Protection Anti-Oxidant Creme, Dry",54.0,17,1062,4.1765,1.7,0,0,0,0,0,0,0,0,0,0,0,0,0,0,0,0,0,0,0,0,0,0,0,0,0,0,0,1,0,0,0,0,0,0,0,0,1.6,24.57,31.76
679,Anthony,Oil Free Facial Lotion,30.0,42,936,4.381,2.5,0,0,0,0,0,0,0,0,0,0,0,0,0,0,0,0,0,0,0,0,0,0,0,0,0,0,0,1,0,0,0,0,0,0,0,0,4.49,10.43,12.0
680,Guerlain,Super Aqua-Cr√®me Day Gel,135.0,3,455,3.6667,1.6,0,0,0,0,0,0,0,0,0,0,0,0,0,0,0,0,0,0,0,0,0,0,0,0,0,0,0,1,0,0,0,0,0,0,0,0,0.66,122.22,84.38
681,Guerlain,M√©t√©orites Oxygen Care Moisturizer & Radiance Booster,75.0,36,3660,4.6667,,0,0,0,0,0,0,0,0,0,0,0,0,0,0,0,0,0,0,0,0,0,0,0,0,0,0,0,1,0,0,0,0,0,0,0,0,0.98,12.96,
682,bareMinerals,TRUE OASIS‚Ñ¢ Oil-Free Replenishing Gel Cream,32.0,28,2477,3.4643,1.7,0,0,0,0,0,0,0,0,0,0,0,0,0,0,0,0,0,0,0,0,0,0,0,0,0,0,0,1,0,0,0,0,0,0,0,0,1.13,12.37,18.82
683,Kiehl's Since 1851,Dermatologist Solutions‚Ñ¢ Centella Sensitive Cica-Cream,43.0,8,1115,3.75,1.7,0,0,0,0,0,0,0,0,0,0,0,0,0,0,0,0,0,0,0,0,0,0,0,0,0,0,0,1,0,0,0,0,0,0,0,0,0.72,46.88,25.29
684,Clarins,Multi Active Day Cream - All Skin Types,54.0,15,2611,3.6667,1.6,0,0,0,0,0,0,0,0,0,0,0,0,0,0,0,0,0,0,0,0,0,0,0,0,0,0,0,1,0,0,0,0,0,0,0,0,0.57,24.44,33.75
685,Proactiv,Green Tea Moisturizer,40.0,3,476,4.6667,3.0,0,0,0,0,0,0,0,0,0,0,0,0,0,0,0,0,0,0,0,0,0,0,0,0,0,0,0,1,0,0,0,0,0,0,0,0,0.63,155.56,13.33
686,KORRES,Black Pine 3D Sculpting & Firming Sleeping Oil,68.0,24,2824,4.2083,1.01,1,0,0,0,0,0,0,0,0,0,0,0,0,0,1,0,0,0,0,0,0,0,0,0,0,0,0,0,0,0,0,0,0,0,0,0,0.85,17.53,67.33
687,Lanc√¥me,Bienfait Teint√© Beauty Balm Sunscreen Broad Spectrum SPF 30,47.0,95,8632,4.2526,1.7,0,0,0,0,0,0,0,0,0,0,0,0,0,0,0,0,0,1,0,0,0,0,0,0,0,0,0,0,0,0,0,0,0,0,0,0,1.1,4.48,27.65
688,Lanc√¥me,R√®nergie Lift Multi-Action Sunscreen Broad Spectrum SPF 15 For Dry Skin,99.0,5,555,4.2,1.69,0,0,0,0,0,0,0,0,0,0,0,0,0,0,0,0,0,1,0,0,0,0,0,0,0,0,0,0,0,0,0,0,0,0,0,0,0.9,84.0,58.58
689,Fresh,Moisturizing Hand Cream,14.0,17,3256,3.9412,1.0,0,0,0,0,0,0,0,0,0,0,0,0,0,0,0,0,0,0,0,0,0,0,0,0,0,0,0,1,0,0,0,0,0,0,0,0,0.52,23.18,14.0
690,Perricone MD,PRE:EMPT SERIES‚Ñ¢ Oil-Free Hydrating Cream,59.0,73,4342,4.3973,2.0,0,0,0,0,0,0,0,0,0,0,0,0,0,0,0,0,0,0,0,0,0,0,0,0,0,0,0,1,0,0,0,0,0,0,0,0,1.68,6.02,29.5
691,L'Occitane,Aqua Reotier Ultra Thirst-Quenching Gel Moisturizer,29.0,33,2798,4.1818,1.7,0,0,0,0,0,0,0,0,0,0,0,0,0,0,0,0,0,0,0,0,0,0,0,0,0,0,0,1,0,0,0,0,0,0,0,0,1.18,12.67,17.06
692,CLINIQUE,Smart Broad Spectrum SPF 15 Custom-Repair Moisturizer for Very Dry to Dry Skin,55.0,5,639,4.4,1.7,0,0,0,0,0,0,0,0,0,0,0,0,0,0,0,0,0,0,0,0,0,0,0,0,0,0,0,1,0,0,0,0,0,0,0,0,0.78,88.0,32.35
693,Lancer,Contour D√©collet√©,185.0,4,1351,4.0,1.7,0,0,0,0,0,0,0,0,0,1,0,0,0,0,0,0,0,0,0,0,0,0,0,0,0,0,0,0,0,0,0,0,0,0,0,0,0.3,100.0,108.82
695,Algenist,SUBLIME Optical Illuminating Moisturizer,70.0,48,1015,3.3125,2.0,0,0,0,0,0,0,0,0,0,0,0,0,0,0,0,0,0,0,0,0,0,0,0,0,0,0,0,1,0,0,0,0,0,0,0,0,4.73,6.9,35.0
696,tarte,Brighter Days Highlighting Moisturizer,32.0,278,8900,3.4532,1.69,0,0,0,0,0,0,0,0,0,0,0,0,0,0,0,0,0,0,0,0,0,0,0,0,0,0,0,1,0,0,0,0,0,0,0,0,3.12,1.24,18.93
697,philosophy,Renewed Hope In A Jar Dry,39.0,48,963,3.125,2.0,0,0,0,0,0,0,0,0,0,0,0,0,0,0,0,0,0,0,0,0,0,0,0,0,0,0,0,1,0,0,0,0,0,0,0,0,4.98,6.51,19.5
698,Obagi Clinical,Vitamin C Suncare Broad Spectrum SPF 30 Sunscreen,58.0,53,711,4.0566,1.7,0,0,0,0,0,0,0,0,0,0,0,0,0,0,0,0,0,1,0,0,0,0,0,0,0,0,0,0,0,0,0,0,0,0,0,0,7.45,7.65,34.12
699,KORA Organics,Purifying Moisturizer for Oily/Combination Skin,48.0,8,1801,4.0,1.69,1,0,0,0,0,0,0,0,0,0,0,0,0,0,0,0,0,0,0,0,0,0,0,0,0,0,0,1,0,0,0,0,0,0,0,0,0.44,50.0,28.4
700,Kiehl's Since 1851,"Cactus Flower & ""Tibetan Ginseng"" Hydrating Mist",27.0,21,4474,4.2381,4.2,0,0,0,0,0,0,0,0,0,0,0,0,0,0,0,0,0,0,0,0,0,0,0,0,0,1,0,0,0,0,0,0,0,0,0,0,0.47,20.18,6.43
701,Charlotte Tilbury,Multi-Miracle Glow Cleansing Balm,60.0,16,2954,4.5625,3.4,0,0,0,0,0,0,0,0,0,0,0,0,0,0,0,0,0,0,1,0,0,0,0,0,0,0,0,0,0,0,0,0,0,0,0,0,0.54,28.52,17.65
702,Skin Laundry,3-In-1 Cleansing Oil,30.0,15,1079,3.2667,6.1,0,0,0,0,0,0,0,0,0,0,0,0,0,0,0,0,0,0,1,0,0,0,0,0,0,0,0,0,0,0,0,0,0,0,0,0,1.39,21.78,4.92
704,Est√©e Lauder,Advanced Time Zone Age Reversing Line/Wrinkle Hydrating Gel Oil-Free,75.0,12,1821,4.5833,1.7,0,0,0,0,0,0,0,0,0,0,0,0,0,0,1,0,0,0,0,0,0,0,0,0,0,0,0,0,0,0,0,0,0,0,0,0,0.66,38.19,44.12
705,Erborian,Yuza Sorbet Night Reinforced Nighttime Emulsion,55.0,17,3671,4.4118,1.7,0,0,0,0,0,0,0,0,0,0,0,0,0,0,0,0,1,0,0,0,0,0,0,0,0,0,0,0,0,0,0,0,0,0,0,0,0.46,25.95,32.35
706,OLEHENRIKSEN,Pure Nurture‚Ñ¢ Facial Water,22.0,50,4362,3.86,4.0,0,0,0,0,0,0,0,0,0,0,0,0,0,0,0,0,0,0,0,0,0,0,0,0,0,1,0,0,0,0,0,0,0,0,0,0,1.15,7.72,5.5
707,Erborian,Glow Cr√®me Illuminating Face Cream,42.0,45,4817,3.4222,1.5,0,0,0,0,0,0,0,0,0,0,0,0,0,0,0,0,0,0,0,0,0,0,0,0,0,0,0,1,0,0,0,0,0,0,0,0,0.93,7.6,28.0
708,REN Clean Skincare,V-Cense‚Ñ¢ Youth Vitality Day Cream,52.0,18,1393,4.2222,1.7,1,0,0,0,0,0,0,0,0,0,0,0,0,0,0,0,0,0,0,0,0,0,0,0,0,0,0,1,0,0,0,0,0,0,0,0,1.29,23.46,30.59
709,RODIN olio lusso , Geranium & Orange Blossom Luxury Face Oil,170.0,10,107,5.0,1.0,0,0,0,0,0,0,0,0,0,0,0,0,0,0,1,0,0,0,0,0,0,0,0,0,0,0,0,0,0,0,0,0,0,0,0,0,9.35,50.0,170.0
710,Omorovicza,Magic Moisture Mist,95.0,5,848,3.6,1.7,1,0,0,0,0,0,0,0,0,0,0,0,0,0,0,0,0,0,0,0,0,0,0,0,0,0,0,1,0,0,0,0,0,0,0,0,0.59,72.0,55.88
711,CLINIQUE,Smart Night Custom-Repair Moisturizer -Combination Oily to Oily,58.0,15,1521,4.0,1.7,0,0,0,0,0,0,0,0,0,0,0,0,0,0,0,0,0,0,0,0,0,0,0,0,0,0,0,0,1,0,0,0,0,0,0,0,0.99,26.67,34.12
712,Urban Decay,Drop Shot Mix-in Facial Oil,34.0,23,4783,4.913,0.8,0,0,0,0,0,0,0,0,0,0,0,0,0,0,1,0,0,0,0,0,0,0,0,0,0,0,0,0,0,0,0,0,0,0,0,0,0.48,21.36,42.5
714,REN Clean Skincare,Rose O12 Moisture Defence Oil,80.0,96,1925,4.3542,1.02,0,0,0,0,0,0,0,0,0,0,0,0,0,0,1,0,0,0,0,0,0,0,0,0,0,0,0,0,0,0,0,0,0,0,0,0,4.99,4.54,78.43
716,Bobbi Brown,Extra Repair Moisture Cream,100.0,16,2050,4.5625,1.7,0,0,0,0,0,0,0,0,0,0,0,0,0,0,0,0,0,0,0,0,0,0,0,0,0,0,0,1,0,0,0,0,0,0,0,0,0.78,28.52,58.82
717,Shiseido,Treatment Softener,50.0,5,597,3.6,5.0,0,0,0,0,0,0,0,0,0,0,0,0,0,0,0,0,0,0,0,0,0,0,0,0,0,0,0,1,0,0,0,0,0,0,0,0,0.84,72.0,10.0
718,Perricone MD,Neuropeptide Firming Moisturizer,290.0,1,229,5.0,2.0,0,0,0,0,0,0,0,0,0,0,0,0,0,0,0,0,0,0,0,0,0,0,0,0,0,0,0,1,0,0,0,0,0,0,0,0,0.44,500.0,145.0
719,Anthony,All Purpose Facial Moisturizer,30.0,38,800,4.0263,2.5,0,0,0,0,0,0,0,0,0,0,0,0,0,0,0,0,0,0,0,0,0,0,0,0,0,0,0,1,0,0,0,0,0,0,0,0,4.75,10.6,12.0
720,DERMAdoctor,Photo Dynamic Therapy¬Æ 3‚Äìin‚Äì1  Facial Lotion With Broad Spectrum SPF 30,85.0,143,1493,3.9091,1.0,0,0,0,0,0,0,0,0,0,0,0,0,0,0,0,0,1,0,0,0,0,0,0,0,0,0,0,0,0,0,0,0,0,0,0,0,9.58,2.73,85.0
721,LXMI,Cr√®me du Nil Pore-Refining Moisture Veil,58.0,164,4129,4.1402,,0,0,0,0,0,0,0,0,0,0,0,0,0,0,0,0,0,0,0,0,0,0,0,0,0,0,0,1,0,0,0,0,0,0,0,0,3.97,2.52,
722,Vitruvi,Sleep Face & Body Mist,24.0,1,541,5.0,1.0,0,0,0,0,0,0,0,0,0,0,0,0,0,0,0,0,0,0,0,0,0,0,0,1,0,0,0,0,0,0,0,0,0,0,0,0,0.18,500.0,24.0
723,Erborian,Bamboo Waterlock Mask,43.0,79,10802,4.3038,3.5,0,0,0,0,0,0,0,0,0,0,0,0,0,1,0,0,0,0,0,0,0,0,0,0,0,0,0,0,0,0,0,0,0,0,0,0,0.73,5.45,12.29
724,Dr Roebuck's,Bondi Hydrating Mist,25.0,19,1678,3.8947,3.38,1,0,0,0,0,0,0,0,0,0,0,0,0,0,0,0,0,0,0,0,0,0,0,0,0,1,0,0,0,0,0,0,0,0,0,0,1.13,20.5,7.4
725,Omorovicza,Miracle Facial Oil,120.0,11,1139,3.6364,1.0,1,0,0,0,0,0,0,0,0,0,0,0,0,0,1,0,0,0,0,0,0,0,0,0,0,0,0,0,0,0,0,0,0,0,0,0,0.97,33.06,120.0
726,Edible Beauty,Snowflower Illuminating Face Oil,57.0,37,2712,4.6216,1.0,1,0,0,0,0,0,0,0,0,0,0,0,0,0,1,0,0,0,0,0,0,0,0,0,0,0,0,0,0,0,0,0,0,0,0,0,1.36,12.49,57.0
727,Algenist,Splash Hydrating Setting Mist,35.0,56,7916,4.3214,4.0,0,0,0,0,0,0,0,0,0,0,0,0,0,0,0,0,0,0,0,0,0,0,0,0,0,1,0,0,0,0,0,0,0,0,0,0,0.71,7.72,8.75
729,Origins,Dr. Andrew Weil For Origins‚Ñ¢ Mega Defense Barrier-Boosting Essence Oil,56.0,7,1335,4.4286,1.0,1,0,0,0,0,0,0,0,0,0,0,0,0,0,0,0,0,0,0,0,0,0,0,0,0,0,0,1,0,0,0,0,0,0,0,0,0.52,63.27,56.0
730,BIOEFFECT,OSA Water Mist,50.0,4,541,5.0,2.03,0,0,0,0,0,0,0,0,0,0,0,0,0,0,0,0,0,0,0,0,0,0,0,0,0,1,0,0,0,0,0,0,0,0,0,0,0.74,125.0,24.63
731,Shiseido,Ultimate Cleansing Oil,28.0,103,4512,4.4369,5.0,0,0,0,0,0,0,0,0,0,0,0,0,0,0,1,0,0,0,0,0,0,0,0,0,0,0,0,0,0,0,0,0,0,0,0,0,2.28,4.31,5.6
732,Erno Laszlo,Firmarine Moisturizer SPF 30,100.0,4,237,4.25,1.7,0,0,0,0,0,0,0,0,0,0,0,0,0,0,0,0,0,0,0,0,0,0,0,0,0,0,0,1,0,0,0,0,0,0,0,0,1.69,106.25,58.82
733,Blithe,Crystal Iceplant Pressed Serum,49.0,32,5154,4.3125,1.68,0,0,0,0,0,0,0,0,0,0,0,0,0,0,0,0,1,0,0,0,0,0,0,0,0,0,0,0,0,0,0,0,0,0,0,0,0.62,13.48,29.17
734,Proactiv,Daily Oil Control Moisturizer SPF 30,24.0,166,349,4.1265,1.5,0,0,0,0,0,0,0,0,0,0,0,0,0,0,0,0,0,0,0,0,0,0,0,0,0,0,0,1,0,0,0,0,0,0,0,0,47.56,2.49,16.0
735,Lanc√¥me,HIGH R√âSOLUTION NIGHT REFILL-3X‚Ñ¢,112.0,35,829,3.6571,2.5,0,0,0,0,0,0,0,0,0,0,0,0,0,0,0,0,0,0,0,0,0,0,0,0,0,0,0,1,0,0,0,0,0,0,0,0,4.22,10.45,44.8
736,Lanc√¥me,ABSOLUE PREMIUM √üx - Absolute Replenishing Lotion SPF 15 Sunscreen,185.0,17,568,4.1176,2.5,0,0,0,0,0,0,0,0,0,0,0,0,0,0,0,0,0,0,0,0,0,0,0,0,0,0,0,1,0,0,0,0,0,0,0,0,2.99,24.22,74.0
737,Pretty Vulgar,Bird's Nest Blurring Beauty Mousse Foundation,36.0,20,6464,3.7,1.0,0,0,0,0,0,0,0,0,0,0,0,0,0,0,0,0,0,0,0,0,1,0,0,0,0,0,0,0,0,0,0,0,0,0,0,0,0.31,18.5,36.0
738,LXMI,Nilotica Goddess Glow,42.0,7,1516,4.4286,,0,0,0,0,0,0,0,0,0,0,0,0,0,0,1,0,0,0,0,0,0,0,0,0,0,0,0,0,0,0,0,0,0,0,0,0,0.46,63.27,
739,Origins,Plantscription‚Ñ¢ Powerful Lifting Concentrate,63.0,4,2026,4.25,1.0,1,0,0,0,0,0,0,0,0,0,0,0,0,0,0,0,1,0,0,0,0,0,0,0,0,0,0,0,0,0,0,0,0,0,0,0,0.2,106.25,63.0
740,Eve Lom,WHITE Brightening Lotion,75.0,7,1004,3.8571,4.05,0,0,0,0,0,0,0,0,0,0,0,0,0,0,0,0,0,0,0,0,0,0,0,0,0,0,0,1,0,0,0,0,0,0,0,0,0.7,55.1,18.52
741,Fresh,Cr√®me Ancienne Face Oil Elixir,270.0,26,3199,3.6154,1.7,0,0,0,0,0,0,0,0,0,0,0,0,0,0,1,0,0,0,0,0,0,0,0,0,0,0,0,0,0,0,0,0,0,0,0,0,0.81,13.91,158.82
742,KENZOKI,Belle de Jour Fantastic Fluid,107.0,1,586,5.0,1.7,0,0,0,0,0,0,0,0,0,0,0,0,0,0,0,0,1,0,0,0,0,0,0,0,0,0,0,0,0,0,0,0,0,0,0,0,0.17,500.0,62.94
743,Perricone MD,Essential Fx Acyl-Glutathione Intensive Overnight Moisturizer,179.0,131,288,4.3282,2.0,0,0,0,0,0,0,0,0,0,0,0,0,0,0,0,0,0,0,0,0,0,0,0,0,0,0,0,0,1,0,0,0,0,0,0,0,45.49,3.3,89.5
744,Isle of Paradise,Over It Magic Self-Tan Eraser,27.0,8,1209,4.125,6.76,1,0,0,0,0,0,0,0,0,0,0,0,0,0,0,0,0,0,1,0,0,0,0,0,0,0,0,0,0,0,0,0,0,0,0,0,0.66,51.56,3.99
745,Smashbox,Camera Ready CC Cream Broad Spectrum SPF 30 Dark Spot Correcting,42.0,1000,28900,3.929,1.0,0,0,1,0,0,0,0,0,0,0,0,0,0,0,0,0,0,0,0,0,0,0,0,0,0,0,0,0,0,0,0,0,0,0,0,0,3.46,0.39,42.0
746,Perricone MD,PRE:EMPT SERIES‚Ñ¢ The Fixer Solid Oil Balm,38.0,13,3287,4.3077,0.7,0,0,0,0,0,0,0,0,0,0,0,0,0,0,1,0,0,0,0,0,0,0,0,0,0,0,0,0,0,0,0,0,0,0,0,0,0.4,33.14,54.29
747,Koh Gen Do,All In One Refresh Spa Aloe Gel,55.0,7,625,3.5714,3.17,0,0,0,0,0,0,0,0,0,0,0,0,0,0,0,0,0,0,0,0,0,0,0,0,0,0,0,1,0,0,0,0,0,0,0,0,1.12,51.02,17.35
748,Clarins,Hydra-Essentiel Silky Cream SPF 15 - Normal to Dry Skin,48.0,4,418,3.25,1.7,0,0,0,0,0,0,0,0,0,0,0,0,0,0,0,0,0,0,0,0,0,0,0,0,0,0,0,1,0,0,0,0,0,0,0,0,0.96,81.25,28.24
749,J.One,Jelly Cream,42.0,14,2591,4.5714,1.01,0,0,0,0,0,0,0,0,0,0,0,0,0,0,0,0,0,0,0,0,0,0,0,0,0,0,0,1,0,0,0,0,0,0,0,0,0.54,32.65,41.58
750,Est√©e Lauder,NightWear Plus 3-Minute Detox Mask,47.0,50,5343,4.6,2.5,0,0,0,0,0,0,0,0,0,0,0,0,0,1,0,0,0,0,0,0,0,0,0,0,0,0,0,0,0,0,0,0,0,0,0,0,0.94,9.2,18.8
751,Algenist,GENIUS White Brightening Essence,115.0,13,2469,4.0,1.0,0,0,0,0,0,0,0,0,0,0,0,0,0,0,0,0,0,0,0,0,0,0,0,0,0,0,0,1,0,0,0,0,0,0,0,0,0.53,30.77,115.0
752,Primary Raw,DoYou Azulene Gel Cream,46.0,40,7297,3.875,3.5,0,0,0,0,0,0,0,0,0,0,0,0,0,0,0,0,0,0,0,0,0,0,0,0,0,0,0,1,0,0,0,0,0,0,0,0,0.55,9.69,13.14
753,Fresh,Peony Brightening Moisture Face Cream,73.0,11,1765,3.8182,1.6,0,0,0,0,0,0,0,0,0,0,0,0,0,0,0,0,0,0,0,0,0,0,0,0,0,0,0,1,0,0,0,0,0,0,0,0,0.62,34.71,45.62
754,philosophy,Ultimate Miracle Worker Multi-Rejuvenating Lightweight Emulsion SPF 30,75.0,10,615,3.7,1.5,0,0,0,0,0,0,0,0,0,0,0,0,0,0,0,0,0,0,0,0,0,0,0,0,0,0,0,1,0,0,0,0,0,0,0,0,1.63,37.0,50.0
756,Ciat√© London,Dewy Spritz,25.0,28,3819,3.2857,4.22,0,0,0,0,0,0,0,0,0,0,0,0,0,0,0,0,0,0,0,0,0,0,0,0,0,1,0,0,0,0,0,0,0,0,0,0,0.73,11.73,5.92
757,CLINIQUE,Smart Broad Spectrum SPF 15 Custom-Repair Moisturizer for Combination Oily Skin,55.0,3,654,4.3333,1.7,0,0,0,0,0,0,0,0,0,0,0,0,0,0,0,0,0,0,0,0,0,0,0,0,0,0,0,1,0,0,0,0,0,0,0,0,0.46,144.44,32.35
758,Skin Inc Supplement Bar,Pure Serum-Mist,55.0,34,5744,4.2647,3.4,0,0,0,0,0,0,0,0,0,0,0,0,0,0,0,0,0,0,0,0,0,0,0,0,0,1,0,0,0,0,0,0,0,0,0,0,0.59,12.54,16.18
759,Erborian,Bamboo Cr√®me Frapp√©e Skin Reviving Fresh Gel,43.0,73,3797,4.3425,1.7,0,0,0,0,0,0,0,0,0,0,0,0,0,0,0,0,0,0,0,0,0,0,0,0,0,0,0,1,0,0,0,0,0,0,0,0,1.92,5.95,25.29
760,Murad,Prebiotic 3-in-1 MultiMist,32.0,1,227,4.0,3.4,0,0,0,0,0,0,0,0,0,0,0,0,0,0,0,0,0,0,0,0,0,0,0,0,0,1,0,0,0,0,0,0,0,0,0,0,0.44,400.0,9.41
761,philosophy,Renewed Hope in A Jar Hydrating Mist,30.0,20,2896,4.05,3.9,0,0,0,0,0,0,0,0,0,0,0,0,0,0,0,0,0,0,0,0,0,0,0,0,0,1,0,0,0,0,0,0,0,0,0,0,0.69,20.25,7.69
762,KORA Organics,Energizing Citrus Mist,34.0,5,1450,3.4,3.38,1,0,0,0,0,0,0,0,0,0,0,0,0,0,0,0,0,0,0,0,0,0,0,0,0,1,0,0,0,0,0,0,0,0,0,0,0.34,68.0,10.06
763,Clarins,Hydra-Essentiel Rich Cream - Very Dry Skin,48.0,16,1545,4.375,1.8,0,0,0,0,0,0,0,0,0,0,0,0,0,0,0,0,0,0,0,0,0,0,0,0,0,0,0,1,0,0,0,0,0,0,0,0,1.04,27.34,26.67
764,Kate Somerville,KateCeuticals‚Ñ¢ Multi-Active Revive Triple Peptide Cream,175.0,1,544,5.0,1.7,0,0,0,0,0,0,0,0,0,0,0,0,0,0,0,0,0,0,0,0,0,0,0,0,0,0,0,1,0,0,0,0,0,0,0,0,0.18,500.0,102.94
765,tarte,Cosmic Maracuja Concentrated Face Balm,42.0,16,2760,4.0,0.88,0,0,0,0,0,0,0,0,0,0,0,0,0,0,0,0,1,0,0,0,0,0,0,0,0,0,0,0,0,0,0,0,0,0,0,0,0.58,25.0,47.73
766,KORA Organics,Calming Lavender Mist,34.0,12,3193,3.5833,3.38,1,0,0,0,0,0,0,0,0,0,0,0,0,0,0,0,0,0,0,0,0,0,0,0,0,1,0,0,0,0,0,0,0,0,0,0,0.38,29.86,10.06
768,CLINIQUE,Even Better Skin Tone Correcting Lotion Broad Spectrum SPF 20,50.0,54,3289,3.7963,1.7,0,0,0,0,0,0,0,0,0,0,0,0,0,0,0,0,0,0,0,0,0,0,0,0,0,0,0,1,0,0,0,0,0,0,0,0,1.64,7.03,29.41
769,Acqua Di Parma,Blu Mediterraneo Italian Resort Moisturizing Face Lotion,80.0,2,104,2.0,6.7,0,0,0,1,0,0,0,0,0,0,0,0,0,0,0,0,0,0,0,0,0,0,0,0,0,0,0,0,0,0,0,0,0,0,0,0,1.92,100.0,11.94
770,L'Occitane,Aqua Reotier Ultra Thirst-Quenching Cream Moisturizer,29.0,10,870,3.3,1.7,0,0,0,0,0,0,0,0,0,0,0,0,0,0,0,0,0,0,0,0,0,0,0,0,0,0,0,1,0,0,0,0,0,0,0,0,1.15,33.0,17.06
771,Dr Roebuck's,Nuddy Ultra Hydrating and Repair Cr√®me,50.0,94,426,4.0213,1.69,1,0,0,0,0,0,0,0,0,0,0,0,0,0,0,0,0,0,0,0,0,0,0,0,0,0,0,1,0,0,0,0,0,0,0,0,22.07,4.28,29.59
772,Eve Lom,Time Retreat Radiance Essence,95.0,1,327,5.0,5.0,0,0,0,0,0,0,0,0,0,0,0,0,0,0,0,0,0,0,0,0,0,0,0,0,0,1,0,0,0,0,0,0,0,0,0,0,0.31,500.0,19.0
773,Primary Raw,DoYou Soy Milk Cream,46.0,29,4496,4.2759,3.5,0,0,0,0,0,0,0,0,0,0,0,0,0,0,0,0,0,0,0,0,0,0,0,0,0,0,0,1,0,0,0,0,0,0,0,0,0.65,14.74,13.14
774,Koh Gen Do,All In One Moisture Spa Gel,63.0,24,885,3.875,3.17,0,0,0,0,0,0,0,0,0,0,0,0,0,0,0,0,0,0,0,0,0,0,0,0,0,0,0,1,0,0,0,0,0,0,0,0,2.71,16.15,19.87
775,Skin Laundry,Essential Daily Moisturizer,30.0,11,1058,3.7273,2.5,0,0,0,0,0,0,0,0,0,0,0,0,0,0,0,0,0,0,0,0,0,0,0,0,0,0,0,1,0,0,0,0,0,0,0,0,1.04,33.88,12.0
777,KENZOKI,Cosmic Night Cream ,59.0,17,1848,4.4118,1.7,0,0,0,0,0,0,0,0,0,0,0,0,0,0,0,0,0,0,0,0,0,0,0,0,0,0,0,0,1,0,0,0,0,0,0,0,0.92,25.95,34.71
778,Blithe,InBetween Instant Glowing Cream,45.0,2,335,3.0,1.0,0,0,0,0,0,0,0,0,0,0,0,0,0,0,0,0,0,0,0,0,0,0,0,0,0,0,0,1,0,0,0,0,0,0,0,0,0.6,150.0,45.0
779,Nurse Jamie,Neck & D√©coll√©te Wrap Skin Perfecting Silicone Treatment,28.0,1,1509,2.0,,0,0,0,0,0,0,0,0,0,1,0,0,0,0,0,0,0,0,0,0,0,0,0,0,0,0,0,0,0,0,0,0,0,0,0,0,0.07,200.0,
780,DERMAdoctor,Kakadu C‚Ñ¢ Face Cr√®me,65.0,9,834,4.0,1.0,0,0,0,0,0,0,0,0,0,0,0,0,0,0,0,0,0,0,0,0,0,0,0,0,0,0,0,1,0,0,0,0,0,0,0,0,1.08,44.44,65.0
781,Algenist,SPLASH Absolute Hydration Replenishing Sleeping Pack,48.0,48,1800,3.6875,2.0,0,0,0,0,0,0,0,0,0,0,0,0,0,1,0,0,0,0,0,0,0,0,0,0,0,0,0,0,0,0,0,0,0,0,0,0,2.67,7.68,24.0
782,Wander Beauty,Rise and Prime - Balm and Primer Duo,39.0,12,2203,3.4167,0.25,0,0,0,0,0,0,0,0,0,0,0,0,0,0,0,1,0,0,0,0,0,0,0,0,0,0,0,0,0,0,0,0,0,0,0,0,0.54,28.47,156.0
783,KENZOKI,White Lotus Moisturizing Jelly,45.0,1,173,1.0,1.7,0,0,0,0,0,0,0,0,0,0,0,0,0,0,0,0,0,0,0,0,0,0,0,0,0,0,0,1,0,0,0,0,0,0,0,0,0.58,100.0,26.47
784,Origins,High-Potency Night-A-Mins Skin Refining Oil,45.0,147,13959,4.483,1.0,1,0,0,0,0,0,0,0,0,0,0,0,0,0,1,0,0,0,0,0,0,0,0,0,0,0,0,0,0,0,0,0,0,0,0,0,1.05,3.05,45.0
785,L'Occitane,Immortelle Precious Mist,22.0,6,1097,4.0,1.7,0,0,0,0,0,0,0,0,0,0,0,0,0,0,0,0,0,0,0,0,0,0,0,0,0,1,0,0,0,0,0,0,0,0,0,0,0.55,66.67,12.94
786,Son & Park,Beauty Water,30.0,660,40336,4.6333,11.49,0,0,0,0,0,0,0,0,0,0,0,0,0,0,0,0,0,0,0,0,0,0,0,0,0,1,0,0,0,0,0,0,0,0,0,0,1.64,0.7,2.61
787,Shiseido,Ibuki Quick Fix Mist,25.0,60,5814,4.3167,1.6,0,0,0,0,0,0,0,0,0,0,0,0,0,0,0,0,0,0,0,0,0,0,0,0,0,1,0,0,0,0,0,0,0,0,0,0,1.03,7.19,15.62
788,DERMAdoctor,Kakadu C‚Ñ¢ High Potency Evening Oil,74.0,4,726,3.75,1.0,0,0,0,0,0,0,0,0,0,0,0,0,0,0,1,0,0,0,0,0,0,0,0,0,0,0,0,0,0,0,0,0,0,0,0,0,0.55,93.75,74.0
789,Eve Lom,Radiance Lift Cream,72.0,6,526,3.3333,0.85,0,0,0,0,0,0,0,0,0,0,0,0,0,0,0,0,0,0,0,0,0,0,0,0,0,0,0,1,0,0,0,0,0,0,0,0,1.14,55.56,84.71
790,Eve Lom,Radiance Face Mist,45.0,4,1292,4.25,1.6,0,0,0,0,0,0,0,0,0,0,0,0,0,0,0,0,0,0,0,0,0,0,0,0,0,1,0,0,0,0,0,0,0,0,0,0,0.31,106.25,28.12
791,Est√©e Lauder,NightWear Plus Anti-Oxidant Night Detox Creme,56.0,39,5096,4.4359,1.7,0,0,0,0,0,0,0,0,0,0,0,0,0,0,0,0,0,0,0,0,0,0,0,0,0,0,0,0,1,0,0,0,0,0,0,0,0.77,11.37,32.94
792,KENZOKI,Melt-In Moisturizing Lotion,22.0,17,939,3.8235,6.7,0,0,0,0,0,0,0,0,0,0,0,0,0,0,0,0,0,0,0,0,0,0,0,0,0,0,0,1,0,0,0,0,0,0,0,0,1.81,22.49,3.28
793,KENZOKI,Cream with a Sheen,49.0,17,930,4.4706,1.7,0,0,0,0,0,0,0,0,0,0,0,0,0,0,0,0,0,0,0,0,0,0,0,0,0,0,0,1,0,0,0,0,0,0,0,0,1.83,26.3,28.82
794,Skin Inc Supplement Bar,Pure Recovery Dew,45.0,6,942,4.0,1.0,0,0,0,0,0,0,0,0,0,0,0,0,0,0,0,0,0,0,0,0,0,0,0,0,0,1,0,0,0,0,0,0,0,0,0,0,0.64,66.67,45.0
795,KENZOKI,Moisturizing Skin Guardian,45.0,23,1282,3.8696,1.7,0,0,0,0,0,0,0,0,0,0,0,0,0,0,0,0,0,0,0,0,0,0,0,0,0,0,0,1,0,0,0,0,0,0,0,0,1.79,16.82,26.47
796,Eve Lom,Radiance Face Oil,80.0,5,1077,4.6,1.0,0,0,0,0,0,0,0,0,0,0,0,0,0,0,1,0,0,0,0,0,0,0,0,0,0,0,0,0,0,0,0,0,0,0,0,0,0.46,92.0,80.0
797,Erno Laszlo,White Marble Essence Lotion,72.0,5,847,4.6,6.6,0,0,0,0,0,0,0,0,0,0,0,0,0,0,0,0,0,0,0,0,0,0,0,0,0,0,0,1,0,0,0,0,0,0,0,0,0.59,92.0,10.91
798,Dior,One Essential Mist-Lotion,62.0,11,1686,4.0,4.2,0,0,0,0,0,0,0,0,0,0,0,0,0,0,0,0,0,0,0,0,0,0,0,0,0,1,0,0,0,0,0,0,0,0,0,0,0.65,36.36,14.76
799,CLINIQUE,Repairwear Laser Focus Line Smoothing Cream Broad Spectrum SPF 15 for Combination Oily to Oily Skin,50.0,3,464,3.6667,1.7,0,0,0,0,0,0,0,0,0,0,0,0,0,0,0,0,0,0,0,0,0,0,0,0,0,0,0,1,0,0,0,0,0,0,0,0,0.65,122.22,29.41
800,Blithe,InBetween Hydro Priming Cream,45.0,2,396,4.0,,0,0,0,0,0,0,0,0,0,0,0,0,0,0,0,0,0,0,0,0,0,0,0,0,0,0,0,1,0,0,0,0,0,0,0,0,0.51,200.0,
802,RODIN olio lusso ,Jasmine & Neroli Luxury Face Oil,170.0,11,503,5.0,1.0,0,0,0,0,0,0,0,0,0,0,0,0,0,0,1,0,0,0,0,0,0,0,0,0,0,0,0,0,0,0,0,0,0,0,0,0,2.19,45.45,170.0
803,LXMI,Pure Nilotica Melt Nourishing Balm-to-Oil,24.0,114,4969,4.5702,0.5,0,0,0,0,0,0,0,0,0,0,0,0,0,0,1,0,0,0,0,0,0,0,0,0,0,0,0,0,0,0,0,0,0,0,0,0,2.29,4.01,48.0
804,L'Occitane,Immortelle Divine Extract,120.0,8,1281,4.5,1.0,0,0,0,0,0,0,0,0,0,0,0,0,0,0,0,0,0,0,0,0,0,0,0,0,0,1,0,0,0,0,0,0,0,0,0,0,0.62,56.25,120.0
805,NARS,Luminous Moisture Cream,64.0,29,3324,4.4828,1.7,0,0,0,0,0,0,0,0,0,0,0,0,0,0,0,0,0,0,0,0,0,0,0,0,0,0,0,1,0,0,0,0,0,0,0,0,0.87,15.46,37.65
806,NARS,Aqua Gel Luminous Oil-Free Moisturizer,60.0,50,4955,4.4,1.7,0,0,0,0,0,0,0,0,0,0,0,0,0,0,0,0,0,0,0,0,0,0,0,0,0,0,0,1,0,0,0,0,0,0,0,0,1.01,8.8,35.29
807,Bobbi Brown,Extra Repair Moisturizing Balm,100.0,36,1871,4.3889,1.7,0,0,0,0,0,0,0,0,0,0,0,0,0,0,0,0,0,0,0,0,0,0,0,0,0,0,0,1,0,0,0,0,0,0,0,0,1.92,12.19,58.82
808,SK-II,Facial Treatment Repair C,170.0,63,2700,4.2857,1.0,0,0,0,0,0,0,0,0,0,0,0,0,0,0,0,0,1,0,0,0,0,0,0,0,0,0,0,0,0,0,0,0,0,0,0,0,2.33,6.8,170.0
809,Omorovicza,Illuminating Moisturiser,150.0,17,1072,4.2353,1.7,1,0,0,0,0,0,0,0,0,0,0,0,0,0,0,0,0,0,0,0,0,0,0,0,0,0,0,1,0,0,0,0,0,0,0,0,1.59,24.91,88.24
810,NARS,Restorative Night Treatment ,85.0,13,1427,4.2308,0.96,0,0,0,0,0,0,0,0,0,0,0,0,0,0,0,0,0,0,0,0,0,0,0,0,0,0,0,0,1,0,0,0,0,0,0,0,0.91,32.54,88.54
811,Erborian,Eau Ginseng,39.0,18,4486,4.2222,6.4,0,0,0,0,0,0,0,0,0,0,0,0,0,0,0,0,0,0,0,0,0,0,0,0,0,1,0,0,0,0,0,0,0,0,0,0,0.4,23.46,6.09
812,Shiseido,Future Solution LX Replenishing Treatment Oil,188.0,6,1534,4.1667,2.5,0,0,0,0,0,0,0,0,0,0,0,0,0,0,1,0,0,0,0,0,0,0,0,0,0,0,0,0,0,0,0,0,0,0,0,0,0.39,69.44,75.2
813,boscia,Revitalizing Black Charcoal Hydration Gel,40.0,958,23125,4.1347,1.7,1,0,0,0,0,0,0,0,0,0,0,0,0,0,0,0,0,0,0,0,0,0,0,0,0,0,0,1,0,0,0,0,0,0,0,0,4.14,0.43,23.53
814,Murad,Perfecting Night Cream,59.0,59,2384,4.0847,1.7,0,0,0,0,0,0,0,0,0,0,0,0,0,0,0,0,0,0,0,0,0,0,0,0,0,0,0,0,1,0,0,0,0,0,0,0,2.47,6.92,34.71
815,Urban Decay,Naked Skin Bronzing Beauty Balm Broad Spectrum SPF 20,34.0,36,4663,4.0833,1.18,0,0,1,0,0,0,0,0,0,0,0,0,0,0,0,0,0,0,0,0,0,0,0,0,0,0,0,0,0,0,0,0,0,0,0,0,0.77,11.34,28.81
816,IT Cosmetics,Anti-Aging Armour‚Ñ¢ Super Smart Skin-Perfecting Beauty Fluid SPF 50+,38.0,120,11229,4.05,1.0,0,0,0,0,0,0,0,0,0,0,0,0,0,0,0,0,0,0,0,0,0,0,0,0,0,0,0,1,0,0,0,0,0,0,0,0,1.07,3.37,38.0
817,Clarins,Extra‚ÄìFirming Day Cream All Skin Types,86.0,24,1946,4.0417,1.7,0,0,0,0,0,0,0,0,0,0,0,0,0,0,0,0,0,0,0,0,0,0,0,0,0,0,0,1,0,0,0,0,0,0,0,0,1.23,16.84,50.59
818,Fresh,Cr√®me Ancienne¬Æ Infusion Toner,92.0,8,1857,4.0,4.0,0,0,0,0,0,0,0,0,0,0,0,0,0,0,0,0,0,0,0,0,0,0,0,0,0,1,0,0,0,0,0,0,0,0,0,0,0.43,50.0,23.0
819,Blithe,InBetween Makeup Prep Essence,38.0,2,468,4.0,,0,0,0,0,0,0,0,0,0,0,0,0,0,0,0,0,0,0,0,0,0,0,0,0,0,1,0,0,0,0,0,0,0,0,0,0,0.43,200.0,
820,Eve Lom,Time Retreat Intensive Night Cream,140.0,1,475,4.0,1.7,0,0,0,0,0,0,0,0,0,0,0,0,0,0,0,0,0,0,0,0,0,0,0,0,0,0,0,0,1,0,0,0,0,0,0,0,0.21,400.0,82.35
821,KENZOKI,Vital-Ice Cream,59.0,5,387,4.0,1.7,0,0,0,0,0,0,0,0,0,0,0,0,0,0,0,0,0,0,0,0,0,0,0,0,0,0,0,1,0,0,0,0,0,0,0,0,1.29,80.0,34.71
822,Kate Somerville,Daily Deflector‚Ñ¢ Moisturizer Broad Spectrum SPF 50+,48.0,57,4194,3.8246,1.7,0,0,0,0,0,0,0,0,0,0,0,0,0,0,0,0,0,1,0,0,0,0,0,0,0,0,0,0,0,0,0,0,0,0,0,0,1.36,6.71,28.24
823,La Mer,The Moisturizing Matte Lotion,270.0,11,2879,3.8182,1.7,0,0,0,0,0,0,0,0,0,0,0,0,0,0,0,0,0,0,0,0,0,0,0,0,0,0,0,1,0,0,0,0,0,0,0,0,0.38,34.71,158.82
824,St. Tropez Tanning Essentials,Self Tan Luxe Facial Oil,35.0,109,5805,3.6514,1.0,0,0,0,0,0,0,0,0,0,0,0,0,0,0,1,0,0,0,0,0,0,0,0,0,0,0,0,0,0,0,0,0,0,0,0,0,1.88,3.35,35.0
825,Kate Somerville,Daily Deflector‚Ñ¢ Waterlight Broad Spectrum SPF 50+ PA+++ Anti-Aging Sunscreen,48.0,71,3108,3.5775,1.7,0,0,0,0,0,0,0,0,0,0,0,0,0,0,0,0,0,0,0,0,0,0,0,0,0,0,0,1,0,0,0,0,0,0,0,0,2.28,5.04,28.24
826,Est√©e Lauder,"Resilience Lift Firming/Sculpting Face and Neck Lotion Broad Spectrum SPF 15, Normal/Combination",82.0,3,784,3.3333,1.7,0,0,0,0,0,0,0,0,0,0,0,0,0,0,0,0,0,0,0,0,0,0,0,0,0,0,0,1,0,0,0,0,0,0,0,0,0.38,111.11,48.24
835,Clarins,Double Serum Complete Age Control Concentrate,89.0,391,16293,4.0997,1.0,0,0,0,0,0,0,0,0,0,0,0,0,0,0,0,0,1,0,0,0,0,0,0,0,0,0,0,0,0,0,0,0,0,0,0,0,2.4,1.05,89.0
836,Drunk Elephant,C-Firma Vitamin C Day Serum,80.0,1000,135964,4.1097,1.0,1,0,0,0,0,0,0,0,0,0,0,0,0,0,0,0,1,0,0,0,0,0,0,0,0,0,0,0,0,0,0,0,0,0,0,0,0.74,0.41,80.0
837,Drunk Elephant,TLC Sukari Babyfacial Mask,80.0,1000,178783,4.4283,1.69,1,0,0,0,0,0,0,0,0,0,0,0,0,1,0,0,0,0,0,0,0,0,0,0,0,0,0,0,0,0,0,0,0,0,0,0,0.56,0.44,47.34
838,Drunk Elephant,T.L.C. Framboos‚Ñ¢ Glycolic Night Serum,90.0,1000,144421,4.2968,1.0,1,0,0,0,0,0,0,0,0,0,0,0,0,0,0,0,1,0,0,0,0,0,0,0,0,0,0,0,0,0,0,0,0,0,0,0,0.69,0.43,90.0
839,SUNDAY RILEY,Good Genes All-In-One Lactic Acid Treatment,158.0,2000,154923,4.3046,1.7,0,0,0,0,0,0,0,0,0,0,0,0,0,0,0,0,1,0,0,0,0,0,0,0,0,0,0,0,0,0,0,0,0,0,0,0,1.29,0.22,92.94
840,SK-II,Facial Treatment Essence,179.0,788,68880,4.0622,,0,0,0,0,0,0,0,0,0,0,0,0,0,0,0,0,0,0,0,0,0,0,0,0,0,1,0,0,0,0,0,0,0,0,0,0,1.14,0.52,
841,Est√©e Lauder,Advanced Night Repair Synchronized Recovery Complex II Duo,168.0,11,12952,5.0,,0,0,0,0,0,0,0,0,0,0,0,0,0,0,0,0,1,0,0,0,0,0,0,0,0,0,0,0,0,0,0,0,0,0,0,0,0.08,45.45,
842,OLEHENRIKSEN,Truth Serum¬Æ,49.0,4000,171521,4.2454,1.0,0,0,0,0,0,0,0,0,0,0,0,0,0,0,0,0,1,0,0,0,0,0,0,0,0,0,0,0,0,0,0,0,0,0,0,0,2.33,0.11,49.0
843,The Ordinary,AHA 30% + BHA 2% Peeling Solution,7.2,210,38876,4.8,1.0,0,0,0,0,0,0,0,0,0,0,0,0,0,0,0,0,0,0,0,1,0,0,0,0,0,0,0,0,0,0,0,0,0,0,0,0,0.54,2.29,7.2
844,The Ordinary,"""Buffet""",14.8,468,78360,4.1581,1.0,0,0,0,0,0,0,0,0,0,0,0,0,0,0,0,0,1,0,0,0,0,0,0,0,0,0,0,0,0,0,0,0,0,0,0,0,0.6,0.89,14.8
845,The Ordinary,Niacinamide 10% + Zinc 1%,5.9,634,83066,4.2429,1.0,0,0,0,0,0,0,0,0,0,0,0,0,0,0,0,0,1,0,0,0,0,0,0,0,0,0,0,0,0,0,0,0,0,0,0,0,0.76,0.67,5.9
846,Drunk Elephant,A-Passioni‚Ñ¢ Retinol Cream,74.0,467,54090,4.3276,1.0,1,0,0,0,0,0,0,0,0,0,0,0,0,0,0,0,1,0,0,0,0,0,0,0,0,0,0,0,0,0,0,0,0,0,0,0,0.86,0.93,74.0
847,Peace Out,Microneedling Dark Spot Brightening Dots,28.0,213,26012,3.94839999999999,,0,0,0,0,0,0,0,0,0,0,0,0,0,0,0,0,1,0,0,0,0,0,0,0,0,0,0,0,0,0,0,0,0,0,0,0,0.82,1.85,
848,Dr. Dennis Gross Skincare,Alpha Beta¬Æ Extra Strength Daily Peel,88.0,2000,92304,4.5534,,0,0,0,0,0,0,0,0,0,0,0,0,0,0,0,0,0,0,0,1,0,0,0,0,0,0,0,0,0,0,0,0,0,0,0,0,2.17,0.23,
849,Glow Recipe,Pineapple-C Brightening Serum,49.0,357,12791,4.5238,1.0,1,0,0,0,0,0,0,0,0,0,0,0,0,0,0,0,1,0,0,0,0,0,0,0,0,0,0,0,0,0,0,0,0,0,0,0,2.79,1.27,49.0
850,The Ordinary,Hyaluronic Acid 2% + B5,6.8,501,84567,4.1896,1.0,0,0,0,0,0,0,0,0,0,0,0,0,0,0,0,0,1,0,0,0,0,0,0,0,0,0,0,0,0,0,0,0,0,0,0,0,0.59,0.84,6.8
851,Drunk Elephant,B-Hydra‚Ñ¢ Intensive Hydration Serum,52.0,1000,75143,4.1762,1.69,1,0,0,0,0,0,0,0,0,0,0,0,0,0,0,0,1,0,0,0,0,0,0,0,0,0,0,0,0,0,0,0,0,0,0,0,1.33,0.42,30.77
852,The Ordinary,Caffeine Solution 5% + EGCG,6.7,401,57034,3.99249999999999,1.0,0,0,0,0,0,0,0,0,0,0,0,0,0,0,0,0,1,0,0,0,0,0,0,0,0,0,0,0,0,0,0,0,0,0,0,0,0.7,1.0,6.7
853,La Mer,The Concentrate,370.0,61,15710,3.9344,1.0,0,0,0,0,0,0,0,0,0,0,0,0,0,0,0,0,0,0,0,0,0,0,0,0,0,0,1,0,0,0,0,0,0,0,0,0,0.39,6.45,370.0
854,Tatcha,Violet-C Brightening Serum 20% Vitamin C + 10% AHA,88.0,1000,44326,4.5497,1.0,1,0,0,0,0,0,0,0,0,0,0,0,0,0,0,0,1,0,0,0,0,0,0,0,0,0,0,0,0,0,0,0,0,0,0,0,2.26,0.45,88.0
855,The Ordinary,The No-Brainer Set,29.0,52,25917,4.5769,,0,0,0,0,0,0,0,0,0,0,0,0,0,0,0,0,1,0,0,0,0,0,0,0,0,0,0,0,0,0,0,0,0,0,0,0,0.2,8.8,
856,Kiehl's Since 1851,Clearly Corrective‚Ñ¢ Dark Spot Solution,52.0,174,27192,3.6839,1.0,0,0,0,0,0,0,0,0,0,0,0,0,0,0,0,0,0,0,0,0,0,0,0,0,0,0,1,0,0,0,0,0,0,0,0,0,0.64,2.12,52.0
857,Peace Out,Acne Healing Dots,19.0,1000,61219,4.2638,,0,0,0,0,0,1,0,0,0,0,0,0,0,0,0,0,0,0,0,0,0,0,0,0,0,0,0,0,0,0,0,0,0,0,0,0,1.63,0.43,
858,Est√©e Lauder,Advanced Night Repair Synchronized Recovery Complex II,98.0,540,72661,4.3463,1.7,0,0,0,0,0,0,0,0,0,0,0,0,0,0,0,0,0,0,0,0,0,0,0,0,0,0,0,0,1,0,0,0,0,0,0,0,0.74,0.8,57.65
859,La Mer,The Treatment Lotion,150.0,77,16514,4.3247,5.0,0,0,0,0,0,0,0,0,0,0,0,0,0,0,0,0,1,0,0,0,0,0,0,0,0,0,0,0,0,0,0,0,0,0,0,0,0.47,5.62,30.0
860,Drunk Elephant,Rise + Glow‚Ñ¢ Duo,23.0,560,127519,4.1036,,0,0,0,0,0,0,0,0,0,0,0,0,0,0,0,0,0,0,0,0,0,0,0,0,0,0,0,0,0,0,0,1,0,0,0,0,0.44,0.73,
861,Drunk Elephant,NightBright‚Ñ¢ Duo,28.0,619,124048,4.2084,,1,0,0,0,0,0,0,0,0,0,0,0,0,0,0,0,0,0,0,0,0,0,0,0,0,0,0,0,1,0,0,0,0,0,0,0,0.5,0.68,
862,GLAMGLOW,SUPERMUD¬Æ Activated Charcoal Treatment Mask,59.0,5000,235409,4.2189,1.7,0,0,0,0,0,0,0,0,0,0,0,0,0,1,0,0,0,0,0,0,0,0,0,0,0,0,0,0,0,0,0,0,0,0,0,0,2.12,0.08,34.71
863,The Ordinary,Granactive Retinoid* 2% Emulsion,9.8,303,69956,4.6403,1.0,0,0,0,0,0,0,0,0,0,0,0,0,0,0,0,0,1,0,0,0,0,0,0,0,0,0,0,0,0,0,0,0,0,0,0,0,0.43,1.53,9.8
864,Volition Beauty,Strawberry-C Brightening Serum,42.0,81,14810,4.3951,1.0,1,0,0,0,0,0,0,0,0,0,0,0,0,0,0,0,1,0,0,0,0,0,0,0,0,0,0,0,0,0,0,0,0,0,0,0,0.55,5.43,42.0
865,SUNDAY RILEY,A+ High-Dose Retinol Serum,85.0,92,19917,4.4239,1.0,0,0,0,0,0,0,0,0,0,0,0,0,0,0,0,0,1,0,0,0,0,0,0,0,0,0,0,0,0,0,0,0,0,0,0,0,0.46,4.81,85.0
866,Lanc√¥me,Advanced G√©nifique Youth Activating Serum,105.0,1000,41278,4.4907,1.69,0,0,0,0,0,0,0,0,0,0,0,0,0,0,0,0,1,0,0,0,0,0,0,0,0,0,0,0,0,0,0,0,0,0,0,0,2.42,0.45,62.13
867,Dr. Jart+,Cicapair ‚Ñ¢ Tiger Grass Color Correcting Treatment SPF 30,52.0,1000,68346,4.2025,1.7,0,0,0,0,0,0,0,0,0,0,0,0,0,0,0,0,1,0,0,0,0,0,0,0,0,0,0,0,0,0,0,0,0,0,0,0,1.46,0.42,30.59
868,SUNDAY RILEY,Luna Retinol Sleeping Night Oil,105.0,1000,112116,4.1146,1.18,0,0,0,0,0,0,0,0,0,0,0,0,0,0,1,0,0,0,0,0,0,0,0,0,0,0,0,0,0,0,0,0,0,0,0,0,0.89,0.41,88.98
869,Kiehl's Since 1851,Midnight Recovery Concentrate,49.0,566,66439,4.3233,1.0,0,0,0,0,0,0,0,0,0,0,0,0,0,0,0,0,1,0,0,0,0,0,0,0,0,0,0,0,0,0,0,0,0,0,0,0,0.85,0.76,49.0
870,Caudalie,Vinoperfect Radiance Serum,79.0,2000,59511,4.2488,1.0,1,0,0,0,0,0,0,0,0,0,0,0,0,0,0,0,1,0,0,0,0,0,0,0,0,0,0,0,0,0,0,0,0,0,0,0,3.36,0.21,79.0
871,Dr. Dennis Gross Skincare,Alpha Beta¬Æ Universal Daily Peel,88.0,943,44769,4.5016,,0,0,0,0,0,0,0,0,0,0,0,0,0,0,0,0,0,0,0,1,0,0,0,0,0,0,0,0,0,0,0,0,0,0,0,0,2.11,0.48,
872,FARS√ÅLI,Skintune Blur Perfecting Primer Serum,54.0,336,51705,3.878,1.0,0,0,0,0,0,0,0,0,0,0,0,0,0,0,0,1,0,0,0,0,0,0,0,0,0,0,0,0,0,0,0,0,0,0,0,0,0.65,1.15,54.0
873,The Ordinary,Salicylic Acid 2% Solution,5.3,358,62632,4.3184,1.0,0,0,0,0,0,0,0,0,0,0,0,0,0,0,0,0,1,0,0,0,0,0,0,0,0,0,0,0,0,0,0,0,0,0,0,0,0.57,1.21,5.3
874,The Ordinary,Lactic Acid 10% + HA 2%,6.8,185,57991,4.6,1.0,0,0,0,0,0,0,0,0,0,0,0,0,0,0,0,0,1,0,0,0,0,0,0,0,0,0,0,0,0,0,0,0,0,0,0,0,0.32,2.49,6.8
875,The Ordinary,Natural Moisturizing Factors + HA,5.8,276,36155,4.1594,1.0,0,0,0,0,0,0,0,0,0,0,0,0,0,0,0,0,1,0,0,0,0,0,0,0,0,0,0,0,0,0,0,0,0,0,0,0,0.76,1.51,5.8
876,Drunk Elephant,D-Bronzi Anti-Pollution Bronzing Drops,36.0,679,45884,4.4698,1.0,1,0,0,0,0,0,0,0,0,0,0,0,0,0,0,0,1,0,0,0,0,0,0,0,0,0,0,0,0,0,0,0,0,0,0,0,1.48,0.66,36.0
877,Shiseido,Ultimune Power Infusing Serum Concentrate,100.0,346,11292,4.1705,1.6,0,0,0,0,0,0,0,0,0,0,0,0,0,0,0,0,1,0,0,0,0,0,0,0,0,0,0,0,0,0,0,0,0,0,0,0,3.06,1.21,62.5
878,The Ordinary,Alpha Arbutin 2% + HA,8.9,98,30605,4.0816,1.0,0,0,0,0,0,0,0,0,0,0,0,0,0,0,0,0,1,0,0,0,0,0,0,0,0,0,0,0,0,0,0,0,0,0,0,0,0.32,4.16,8.9
879,The Ordinary,Azelaic Acid Suspension 10%,7.9,181,29007,4.1547,1.0,0,0,0,0,0,0,0,0,0,0,0,0,0,0,0,0,1,0,0,0,0,0,0,0,0,0,0,0,0,0,0,0,0,0,0,0,0.62,2.3,7.9
880,First Aid Beauty,Facial Radiance Pads,32.0,1000,71226,4.2845,,0,0,0,0,0,0,0,0,0,0,0,0,0,0,0,0,0,0,0,1,0,0,0,0,0,0,0,0,0,0,0,0,0,0,0,0,1.4,0.43,
881,CLINIQUE,Acne Solutions Clear Skin System Starter Kit ,28.0,1000,35986,3.9879,,0,0,0,0,0,0,0,0,0,0,0,0,0,0,0,0,0,0,0,0,0,0,0,0,0,0,0,0,0,0,0,0,0,0,0,1,2.78,0.4,
882,Dr. Jart+,Focuspot‚Ñ¢ Micro Tip Patches,18.0,71,13463,3.7746,,0,0,0,0,0,0,0,0,0,0,0,0,0,0,0,0,1,0,0,0,0,0,0,0,0,0,0,0,0,0,0,0,0,0,0,0,0.53,5.32,
883,SUNDAY RILEY,C.E.O. 15% Vitamin C Brightening Serum,85.0,440,27787,3.9182,1.0,0,0,0,0,0,0,0,0,0,0,0,0,0,0,0,0,1,0,0,0,0,0,0,0,0,0,0,0,0,0,0,0,0,0,0,0,1.58,0.89,85.0
884,Murad,Rapid Age Spot and Pigment Lightening Serum ,72.0,1000,38729,3.8161,1.0,0,0,0,0,0,0,0,0,0,0,0,0,0,0,0,0,1,0,0,0,0,0,0,0,0,0,0,0,0,0,0,0,0,0,0,0,2.58,0.38,72.0
885,Biossance,Squalane + Vitamin C Rose Oil,72.0,316,38037,4.3956,1.0,1,0,0,0,0,0,0,0,0,0,0,0,0,0,1,0,0,0,0,0,0,0,0,0,0,0,0,0,0,0,0,0,0,0,0,0,0.83,1.39,72.0
886,SUNDAY RILEY,CAPTAIN MARVEL x GOOD GENES All-In-One Lactic Acid Treatment,158.0,11,1208,2.9091,1.7,0,0,0,0,0,0,0,0,0,0,0,0,0,0,0,0,1,0,0,0,0,0,0,0,0,0,0,0,0,0,0,0,0,0,0,0,0.91,26.45,92.94
887,The Ordinary,"""Buffet"" + Copper Peptides 1%",28.9,9,6493,4.4444,1.0,0,0,0,0,0,0,0,0,0,0,0,0,0,0,0,0,1,0,0,0,0,0,0,0,0,0,0,0,0,0,0,0,0,0,0,0,0.14,49.38,28.9
888,SUNDAY RILEY,U.F.O. Ultra-Clarifying Face Oil,80.0,1000,81319,4.1595,1.18,0,0,0,0,0,0,0,0,0,0,0,0,0,0,1,0,0,0,0,0,0,0,0,0,0,0,0,0,0,0,0,0,0,0,0,0,1.23,0.42,67.8
889,FARS√ÅLI,Unicorn Essence Antioxidant Primer Serum,54.0,1000,133987,3.8928,1.0,0,0,0,0,0,0,0,0,0,0,0,0,0,0,0,0,1,0,0,0,0,0,0,0,0,0,0,0,0,0,0,0,0,0,0,0,0.75,0.39,54.0
890,Algenist,GENIUS Liquid Collagen,115.0,561,32818,4.0089,1.0,0,0,0,0,0,0,0,0,0,0,0,0,0,0,0,0,1,0,0,0,0,0,0,0,0,0,0,0,0,0,0,0,0,0,0,0,1.71,0.71,115.0
891,Dr. Dennis Gross Skincare,Clinical Grade Resurfacing Liquid Peel,95.0,273,6789,4.7546,1.0,0,0,0,0,0,0,0,0,0,0,0,0,0,0,0,0,0,0,0,1,0,0,0,0,0,0,0,0,0,0,0,0,0,0,0,0,4.02,1.74,95.0
892,Caudalie,Vinopure Natural Salicylic Acid Pore Minimizing Serum,49.0,521,34155,4.4242,1.0,1,0,0,0,0,0,0,0,0,0,0,0,0,0,0,0,1,0,0,0,0,0,0,0,0,0,0,0,0,0,0,0,0,0,0,0,1.53,0.85,49.0
893,The Ordinary,100% Plant-Derived Squalane,7.9,15,7298,4.7333,1.0,0,0,0,0,0,0,0,0,0,0,0,0,0,0,1,0,0,0,0,0,0,0,0,0,0,0,0,0,0,0,0,0,0,0,0,0,0.21,31.56,7.9
894,Kate Somerville,ExfoliKate¬Æ Intensive Exfoliating Treatment,24.0,2000,54075,4.41,0.5,0,0,0,0,0,0,0,0,0,0,0,0,0,0,0,0,0,0,0,1,0,0,0,0,0,0,0,0,0,0,0,0,0,0,0,0,3.7,0.22,48.0
895,Dr. Jart+,Cicapair‚Ñ¢ Tiger Grass Re.Pair Serum,46.0,366,29594,4.2186,1.0,0,0,0,0,0,0,0,0,0,0,0,0,0,0,0,0,1,0,0,0,0,0,0,0,0,0,0,0,0,0,0,0,0,0,0,0,1.24,1.15,46.0
896,The Ordinary,Vitamin C Suspension 23% + HA Spheres 2%,5.8,265,33372,3.9849,1.0,0,0,0,0,0,0,0,0,0,0,0,0,0,0,0,0,1,0,0,0,0,0,0,0,0,0,0,0,0,0,0,0,0,0,0,0,0.79,1.5,5.8
898,Caudalie,Vinosource S.O.S Thirst Quenching Serum,49.0,700,34118,4.4914,1.0,1,0,0,0,0,0,0,0,0,0,0,0,0,0,0,0,1,0,0,0,0,0,0,0,0,0,0,0,0,0,0,0,0,0,0,0,2.05,0.64,49.0
899,FARS√ÅLI,Rose Gold Elixir ‚Äì 24k Gold Infused Beauty Oil,54.0,1000,114554,3.9263,1.0,0,0,0,0,0,0,0,0,0,0,0,0,0,0,1,0,0,0,0,0,0,0,0,0,0,0,0,0,0,0,0,0,0,0,0,0,0.87,0.39,54.0
900,Guerlain,Orchid√©e Imp√©riale The Cream,460.0,6,1403,5.0,1.6,0,0,0,0,0,0,0,0,0,0,0,0,0,0,0,0,0,0,0,0,0,0,0,0,0,0,1,0,0,0,0,0,0,0,0,0,0.43,83.33,287.5
901,La Mer,The Regenerating Serum,345.0,23,6243,3.913,1.0,0,0,0,0,0,0,0,0,0,0,0,0,0,0,0,0,1,0,0,0,0,0,0,0,0,0,0,0,0,0,0,0,0,0,0,0,0.37,17.01,345.0
902,COOLA,Sunless Tan Anti-Aging Face Serum,54.0,104,10661,4.1827,1.7,1,0,0,0,0,0,0,0,0,0,0,0,0,0,0,0,0,1,0,0,0,0,0,0,0,0,0,0,0,0,0,0,0,0,0,0,0.98,4.02,31.76
903,Peter Thomas Roth,Potent-C‚Ñ¢ Vitamin C Power Serum,95.0,571,18559,4.2067,1.0,0,0,0,0,0,0,0,0,0,0,0,0,0,0,0,0,1,0,0,0,0,0,0,0,0,0,0,0,0,0,0,0,0,0,0,0,3.08,0.74,95.0
904,Murad,Retinol Youth Renewal Serum,89.0,241,9893,4.5519,1.0,0,0,0,0,0,0,0,0,0,0,0,0,0,0,0,0,1,0,0,0,0,0,0,0,0,0,0,0,0,0,0,0,0,0,0,0,2.44,1.89,89.0
905,Peace Out,Pore Treatment Strips,19.0,586,22387,4.1672,,0,0,0,0,0,1,0,0,0,0,0,0,0,0,0,0,0,0,0,0,0,0,0,0,0,0,0,0,0,0,0,0,0,0,0,0,2.62,0.71,
906,Kate Somerville,EradiKate‚Ñ¢ Acne Treatment,26.0,2000,70140,4.2727,1.0,0,0,0,0,0,1,0,0,0,0,0,0,0,0,0,0,0,0,0,0,0,0,0,0,0,0,0,0,0,0,0,0,0,0,0,0,2.85,0.21,26.0
907,The Ordinary,Ascorbic Acid 8% + Alpha Arbutin 2%,10.0,16,7793,4.5625,1.0,0,0,0,0,0,0,0,0,0,0,0,0,0,0,0,0,1,0,0,0,0,0,0,0,0,0,0,0,0,0,0,0,0,0,0,0,0.21,28.52,10.0
908,Herbivore,Blue Tansy AHA + BHA Resurfacing Clarity Mask,48.0,1000,68037,4.4648,2.0,1,0,0,0,0,0,0,0,0,0,0,0,0,1,0,0,0,0,0,0,0,0,0,0,0,0,0,0,0,0,0,0,0,0,0,0,1.47,0.45,24.0
909,Caudalie,Vinoperfect Glycolic Brightening Essence,49.0,305,34715,4.377,5.0,1,0,0,0,0,0,0,0,0,0,0,0,0,0,0,0,1,0,0,0,0,0,0,0,0,0,0,0,0,0,0,0,0,0,0,0,0.88,1.44,9.8
910,The Ordinary,Matrixyl* 10% + HA,11.5,97,26457,4.2062,1.0,0,0,0,0,0,0,0,0,0,0,0,0,0,0,0,0,1,0,0,0,0,0,0,0,0,0,0,0,0,0,0,0,0,0,0,0,0.37,4.34,11.5
911,AMOREPACIFIC,Treatment Enzyme Peel Cleansing Powder,60.0,1000,41622,4.6471,1.76,0,0,0,0,0,0,0,0,0,0,0,0,0,0,0,0,0,0,0,1,0,0,0,0,0,0,0,0,0,0,0,0,0,0,0,0,2.4,0.46,34.09
912,Dior,Capture Youth Serum Collection,95.0,73,19927,4.274,1.0,0,0,0,0,0,0,0,0,0,0,0,0,0,0,0,0,1,0,0,0,0,0,0,0,0,0,0,0,0,0,0,0,0,0,0,0,0.37,5.85,95.0
913,Peter Thomas Roth,Professional 3% Retinoid Plus,82.0,174,21506,4.6034,1.0,0,0,0,0,0,0,0,0,0,0,0,0,0,0,0,0,1,0,0,0,0,0,0,0,0,0,0,0,0,0,0,0,0,0,0,0,0.81,2.65,82.0
914,CLINIQUE,Acne Solutions Clinical Clearing Gel,27.0,748,39082,4.2139,1.0,0,0,0,0,0,1,0,0,0,0,0,0,0,0,0,0,0,0,0,0,0,0,0,0,0,0,0,0,0,0,0,0,0,0,0,0,1.91,0.56,27.0
915,First Aid Beauty,Ultra Repair¬Æ Hydrating Serum,38.0,523,33249,4.2294,1.7,0,0,0,0,0,0,0,0,0,0,0,0,0,0,0,0,1,0,0,0,0,0,0,0,0,0,0,0,0,0,0,0,0,0,0,0,1.57,0.81,22.35
916,BIOEFFECT,EGF Serum,160.0,541,3059,4.4713,,0,0,0,0,0,0,0,0,0,0,0,0,0,0,0,0,1,0,0,0,0,0,0,0,0,0,0,0,0,0,0,0,0,0,0,0,17.69,0.83,
917,Kiehl's Since 1851,Powerful-Strength Line-Reducing Concentrate 12.5% Vitamin C,65.0,172,20600,3.75,1.7,0,0,0,0,0,0,0,0,0,0,0,0,0,0,0,0,1,0,0,0,0,0,0,0,0,0,0,0,0,0,0,0,0,0,0,0,0.83,2.18,38.24
918,BECCA,Backlight Priming Filter Face Primer,39.0,1000,73423,4.2496,1.0,0,0,0,0,0,0,0,0,0,0,0,0,0,0,0,1,0,0,0,0,0,0,0,0,0,0,0,0,0,0,0,0,0,0,0,0,1.36,0.42,39.0
919,Peter Thomas Roth,FIRMx‚Ñ¢ Peeling Gel,48.0,1000,34778,4.5573,3.4,0,0,0,0,0,0,0,0,0,0,0,0,0,0,0,0,0,0,0,1,0,0,0,0,0,0,0,0,0,0,0,0,0,0,0,0,2.88,0.46,14.12
921,SUNDAY RILEY,Juno Antioxidant + Superfood Face Oil,72.0,378,43924,4.4127,1.18,0,0,0,0,0,0,0,0,0,0,0,0,0,0,1,0,0,0,0,0,0,0,0,0,0,0,0,0,0,0,0,0,0,0,0,0,0.86,1.17,61.02
922,Biossance,Squalane + Phyto-Retinol Serum,78.0,126,12596,3.873,1.0,1,0,0,0,0,0,0,0,0,0,0,0,0,0,0,0,1,0,0,0,0,0,0,0,0,0,0,0,0,0,0,0,0,0,0,0,1.0,3.07,78.0
923,OLEHENRIKSEN,Invigorating Night Transformation‚Ñ¢ Gel,49.0,1000,44769,4.2931,1.7,0,0,0,0,0,0,0,0,0,0,0,0,0,0,0,0,0,0,0,0,0,0,0,0,0,0,0,0,1,0,0,0,0,0,0,0,2.23,0.43,28.82
924,Peter Thomas Roth,Max Complexion Correction Pads,40.0,1000,41424,4.4318,,0,0,0,0,0,0,0,0,0,0,0,0,0,0,0,0,0,0,0,1,0,0,0,0,0,0,0,0,0,0,0,0,0,0,0,0,2.41,0.44,
925,HUM Nutrition,Daily Cleanse Clear Skin and Body Detox Supplement,25.0,331,30822,4.0121,,0,0,0,0,1,0,0,0,0,0,0,0,0,0,0,0,0,0,0,0,0,0,0,0,0,0,0,0,0,0,0,0,0,0,0,0,1.07,1.21,
926,SK-II,R.N.A. POWER Anti-Aging Essence Serum,195.0,59,3416,4.3729,1.6,0,0,0,0,0,0,0,0,0,0,0,0,0,0,0,0,1,0,0,0,0,0,0,0,0,0,0,0,0,0,0,0,0,0,0,0,1.73,7.41,121.88
927,Peter Thomas Roth,Peptide 21‚Ñ¢ Wrinkle Resist Serum,110.0,394,1340,4.5787,1.0,0,0,0,0,0,0,0,0,0,0,0,0,0,0,0,0,1,0,0,0,0,0,0,0,0,0,0,0,0,0,0,0,0,0,0,0,29.4,1.16,110.0
928,The Ordinary,Granactive Retinoid 2% in Squalane,9.6,2,2540,5.0,1.0,0,0,0,0,0,0,0,0,0,0,0,0,0,0,0,0,1,0,0,0,0,0,0,0,0,0,0,0,0,0,0,0,0,0,0,0,0.08,250.0,9.6
929,The Ordinary,Vitamin C Suspension 30% in Silicone,6.8,89,20744,4.1685,1.0,0,0,0,0,0,0,0,0,0,0,0,0,0,0,0,0,1,0,0,0,0,0,0,0,0,0,0,0,0,0,0,0,0,0,0,0,0.43,4.68,6.8
930,OLEHENRIKSEN,Power Peel‚Ñ¢ Transforming Facial System,50.0,973,31696,4.5961,,0,0,0,0,0,0,0,0,0,0,0,0,0,0,0,0,0,0,0,1,0,0,0,0,0,0,0,0,0,0,0,0,0,0,0,0,3.07,0.47,
931,The Ordinary,Resveratrol 3% + Ferulic Acid 3%,7.9,7,6495,4.7143,1.0,0,0,0,0,0,0,0,0,0,0,0,0,0,0,0,0,1,0,0,0,0,0,0,0,0,0,0,0,0,0,0,0,0,0,0,0,0.11,67.35,7.9
932,Fresh,Umbrian Clay Pore Purifying Face Mask,58.0,708,68288,4.4364,,0,0,0,0,0,0,0,0,0,0,0,0,0,1,0,0,0,0,0,0,0,0,0,0,0,0,0,0,0,0,0,0,0,0,0,0,1.04,0.63,
933,Origins,Super Spot Remover‚Ñ¢ Acne Treatment Gel,18.0,1000,65859,4.0227,0.3,1,0,0,0,0,0,0,0,0,0,0,0,0,0,0,0,1,0,0,0,0,0,0,0,0,0,0,0,0,0,0,0,0,0,0,0,1.52,0.4,60.0
934,Kate Somerville,EradiKate¬Æ Daily Cleanser Acne Treatment,38.0,394,23424,4.2614,4.0,0,0,0,0,0,1,0,0,0,0,0,0,0,0,0,0,0,0,0,0,0,0,0,0,0,0,0,0,0,0,0,0,0,0,0,0,1.68,1.08,9.5
935,Murad,Invisiblur‚Ñ¢ Perfecting Shield Broad Spectrum SPF 30 PA+++,65.0,642,26809,3.9502,1.0,0,0,0,0,0,0,0,0,0,0,0,0,0,0,0,0,1,0,0,0,0,0,0,0,0,0,0,0,0,0,0,0,0,0,0,0,2.39,0.62,65.0
936,Dr. Dennis Gross Skincare,Clinical Grade IPL Dark Spot Correcting Serum,92.0,217,9390,4.129,1.0,0,0,0,0,0,0,0,0,0,0,0,0,0,0,0,0,1,0,0,0,0,0,0,0,0,0,0,0,0,0,0,0,0,0,0,0,2.31,1.9,92.0
937,tarte,Youth or Dare Multi-Acid & C-Serum,42.0,7,4078,4.8571,1.0,0,0,0,0,0,0,0,0,0,0,0,0,0,0,0,0,1,0,0,0,0,0,0,0,0,0,0,0,0,0,0,0,0,0,0,0,0.17,69.39,42.0
938,Murad,Oil-Control Mattifier SPF 15 PA++,40.0,2000,32886,4.1703,1.7,0,0,0,0,0,0,0,0,0,0,0,0,0,0,0,0,0,0,0,0,0,0,0,0,0,0,0,1,0,0,0,0,0,0,0,0,6.08,0.21,23.53
939,Flora + Bast,Age Adapting CBD Serum,77.0,17,3354,4.9412,1.0,1,0,0,0,0,0,0,0,0,0,0,0,0,0,0,0,1,0,0,0,0,0,0,0,0,0,0,0,0,0,0,0,0,0,0,0,0.51,29.07,77.0
940,Peace Out,Peace Out Emergency Pack,24.0,14,7154,4.5714,,0,0,0,0,0,1,0,0,0,0,0,0,0,0,0,0,0,0,0,0,0,0,0,0,0,0,0,0,0,0,0,0,0,0,0,0,0.2,32.65,
941,BECCA,Ever-Matte Poreless Priming Perfector ,39.0,2000,55599,3.5915,1.35,0,0,0,0,0,0,0,0,0,0,0,0,0,0,0,1,0,0,0,0,0,0,0,0,0,0,0,0,0,0,0,0,0,0,0,0,3.6,0.18,28.89
942,Perricone MD,Cold Plasma+ Face,149.0,1000,3193,4.0995,1.0,0,0,0,0,0,0,0,0,0,0,0,0,0,1,0,0,0,0,0,0,0,0,0,0,0,0,0,0,0,0,0,0,0,0,0,0,31.32,0.41,149.0
943,COVER FX,Mattifying Primer With Anti-Acne Treatment,38.0,1000,47500,3.5567,,1,0,0,0,0,0,0,0,0,0,0,0,0,0,0,1,0,0,0,0,0,0,0,0,0,0,0,0,0,0,0,0,0,0,0,0,2.11,0.36,
944,The Ordinary,Ascorbyl Glucoside Solution 12%,12.9,3,3220,5.0,1.0,0,0,0,0,0,0,0,0,0,0,0,0,0,0,0,0,0,0,0,1,0,0,0,0,0,0,0,0,0,0,0,0,0,0,0,0,0.09,166.67,12.9
946,Murad,Clarifying Body Spray,40.0,485,10719,4.301,4.3,0,0,0,0,0,1,0,0,0,0,0,0,0,0,0,0,0,0,0,0,0,0,0,0,0,0,0,0,0,0,0,0,0,0,0,0,4.52,0.89,9.3
948,Dr. Dennis Gross Skincare,C+ Collagen Brighten & Firm Vitamin C Serum,78.0,108,14207,3.9074,1.0,0,0,0,0,0,0,0,0,0,0,0,0,0,0,0,0,1,0,0,0,0,0,0,0,0,0,0,0,0,0,0,0,0,0,0,0,0.76,3.62,78.0
949,GLAMGLOW,FLASHMUD‚Ñ¢ Brightening Treatment Mask,59.0,607,60074,4.1021,1.7,0,0,0,0,0,0,0,0,0,0,0,0,0,1,0,0,0,0,0,0,0,0,0,0,0,0,0,0,0,0,0,0,0,0,0,0,1.01,0.68,34.71
950,The Ordinary,Ascorbyl Tetraisopalmitate Solution 20% in Vitamin F,17.8,49,25663,4.1837,1.0,0,0,0,0,0,0,0,0,0,0,0,0,0,0,0,0,1,0,0,0,0,0,0,0,0,0,0,0,0,0,0,0,0,0,0,0,0.19,8.54,17.8
951,SEPHORA COLLECTION,Glow Peel Pads,15.0,13,6413,3.9231,,1,0,0,0,0,0,0,0,0,0,0,0,0,0,0,0,0,0,0,1,0,0,0,0,0,0,0,0,0,0,0,0,0,0,0,0,0.2,30.18,
952,GLAMGLOW,GRAVITYMUD‚Ñ¢ Firming Treatment Mask,59.0,738,72776,3.9485,1.7,0,0,0,0,0,0,0,0,0,0,0,0,0,1,0,0,0,0,0,0,0,0,0,0,0,0,0,0,0,0,0,0,0,0,0,0,1.01,0.54,34.71
953,The Ordinary,Alpha Lipoic Acid 5%,6.8,6,4006,5.0,1.0,0,0,0,0,0,0,0,0,0,0,0,0,0,0,0,0,1,0,0,0,0,0,0,0,0,0,0,0,0,0,0,0,0,0,0,0,0.15,83.33,6.8
954,SEPHORA COLLECTION,Ultra Glow Serum: Glow + Strengthen Vitamin C Serum,20.0,13,3570,4.3846,1.0,1,0,0,0,0,0,0,0,0,0,0,0,0,0,0,0,1,0,0,0,0,0,0,0,0,0,0,0,0,0,0,0,0,0,0,0,0.36,33.73,20.0
955,Perricone MD,PRE:EMPT SERIES‚Ñ¢ Skin Perfecting Serum,90.0,58,7044,4.2759,1.0,0,1,0,0,0,0,0,0,0,0,0,0,0,0,0,0,0,0,0,0,0,0,0,0,0,0,0,0,0,0,0,0,0,0,0,0,0.82,7.37,90.0
956,Algenist,ELEVATE Advanced Retinol Serum,98.0,16,2173,4.9375,1.0,0,0,0,0,0,0,0,0,0,0,0,0,0,0,0,0,1,0,0,0,0,0,0,0,0,0,0,0,0,0,0,0,0,0,0,0,0.74,30.86,98.0
957,Dr. Jart+,Cicapair‚Ñ¢ Tiger Grass Camo Drops,46.0,230,17554,4.0217,1.0,0,0,0,0,0,0,0,0,0,0,0,0,0,0,0,1,0,0,0,0,0,0,0,0,0,0,0,0,0,0,0,0,0,0,0,0,1.31,1.75,46.0
958,Peter Thomas Roth,Therapeutic Sulfur Mask Acne Treatment Mask,47.0,1000,44281,4.5546,5.0,0,0,0,0,0,1,0,0,0,0,0,0,0,0,0,0,0,0,0,0,0,0,0,0,0,0,0,0,0,0,0,0,0,0,0,0,2.26,0.46,9.4
959,Murad,Clarifying Cleanser,30.0,2000,36126,4.2674,6.75,0,0,0,0,0,0,0,0,0,0,0,0,0,0,0,0,0,0,1,0,0,0,0,0,0,0,0,0,0,0,0,0,0,0,0,0,5.54,0.21,4.44
961,CLINIQUE,Clinique Smart Custom-Repair Serum,60.0,371,16016,4.0512,1.0,0,0,0,0,0,0,0,0,0,0,0,0,0,0,0,0,1,0,0,0,0,0,0,0,0,0,0,0,0,0,0,0,0,0,0,0,2.32,1.09,60.0
962,MILK MAKEUP,Watermelon Brightening Serum,36.0,172,23058,4.0116,1.2,0,0,0,0,0,0,0,0,0,0,0,0,0,0,0,0,1,0,0,0,0,0,0,0,0,0,0,0,0,0,0,0,0,0,0,0,0.75,2.33,30.0
963,Dr. Dennis Gross Skincare,Ferulic Acid + Retinol Brightening Solution,88.0,278,25129,4.1187,1.0,0,0,0,0,0,0,0,0,0,0,0,0,0,0,0,0,1,0,0,0,0,0,0,0,0,0,0,0,0,0,0,0,0,0,0,0,1.11,1.48,88.0
964,Biossance,Squalane + Glycolic Renewal Facial,68.0,65,14325,4.8308,2.02,1,0,0,0,0,0,0,0,0,0,0,0,0,1,0,0,0,0,0,0,0,0,0,0,0,0,0,0,0,0,0,0,0,0,0,0,0.45,7.43,33.66
965,CLINIQUE,Acne Solutions Cleansing Foam,21.0,925,25738,4.1784,4.2,0,0,0,0,0,1,0,0,0,0,0,0,0,0,0,0,0,0,0,0,0,0,0,0,0,0,0,0,0,0,0,0,0,0,0,0,3.59,0.45,5.0
967,CLINIQUE,Blackhead Solutions Self-heating Blackhead Extractor,29.0,76,18725,3.3289,0.68,0,0,0,0,0,0,0,0,0,0,0,0,0,0,0,0,0,0,1,0,0,0,0,0,0,0,0,0,0,0,0,0,0,0,0,0,0.41,4.38,42.65
968,OLEHENRIKSEN,Glow Cycle Retin-ALT Power Serum,58.0,1000,24627,4.3839,1.0,0,0,0,0,0,0,0,0,0,0,0,0,0,0,0,0,1,0,0,0,0,0,0,0,0,0,0,0,0,0,0,0,0,0,0,0,4.06,0.44,58.0
969,tarte,Rainforest of the Sea‚Ñ¢ Deep Sea Collagen Super Serum,39.0,44,9111,4.6136,0.94,0,0,0,0,0,0,0,0,0,0,0,0,0,0,0,0,1,0,0,0,0,0,0,0,0,0,0,0,0,0,0,0,0,0,0,0,0.48,10.49,41.49
970,Perricone MD,No Makeup Foundation Serum Broad Spectrum SPF 25,60.0,1000,27293,4.29,1.0,0,0,0,0,0,0,0,0,0,0,0,0,0,0,0,1,0,0,0,0,0,0,0,0,0,0,0,0,0,0,0,0,0,0,0,0,3.66,0.43,60.0
971,Peter Thomas Roth,Water Drench Hyaluronic Cloud Serum,65.0,381,15439,4.21,1.0,0,0,0,0,0,0,0,0,0,0,0,0,0,0,0,0,1,0,0,0,0,0,0,0,0,0,0,0,0,0,0,0,0,0,0,0,2.47,1.1,65.0
972,Caudalie,Vinopure Natural Salicylic Acid Pore Minimizing Toner,28.0,113,15427,3.9115,6.7,1,0,0,0,0,1,0,0,0,0,0,0,0,0,0,0,0,0,0,0,0,0,0,0,0,0,0,0,0,0,0,0,0,0,0,0,0.73,3.46,4.18
973,Murad,Time Release Acne Cleanser,39.0,770,24966,4.3636,6.75,0,0,0,0,0,0,0,0,0,0,0,0,0,0,0,0,0,0,1,0,0,0,0,0,0,0,0,0,0,0,0,0,0,0,0,0,3.08,0.57,5.78
974,The Ordinary,"""B"" Oil",9.2,14,5773,4.2143,1.0,0,0,0,0,0,0,0,0,0,0,0,0,0,0,1,0,0,0,0,0,0,0,0,0,0,0,0,0,0,0,0,0,0,0,0,0,0.24,30.1,9.2
975,Caudalie,Vine[Activ] Vitamin C Anti-Wrinkle Serum,52.0,150,12204,4.0267,1.0,1,0,0,0,0,0,0,0,0,0,0,0,0,0,0,0,1,0,0,0,0,0,0,0,0,0,0,0,0,0,0,0,0,0,0,0,1.23,2.68,52.0
976,Peter Thomas Roth,Retinol Fusion PM,65.0,509,18636,4.3458,1.0,0,0,0,0,0,0,0,0,0,0,0,0,0,0,0,0,1,0,0,0,0,0,0,0,0,0,0,0,0,0,0,0,0,0,0,0,2.73,0.85,65.0
977,Neogen Dermalogy,Bio-Peel Gauze Peeling - Lemon,27.0,553,31856,4.6058,,0,0,0,0,0,0,0,0,0,0,0,0,0,0,0,0,0,0,0,1,0,0,0,0,0,0,0,0,0,0,0,0,0,0,0,0,1.74,0.83,
978,tarte,Mermaid Skin‚Ñ¢ Hyaluronic H2O Serum,42.0,213,14749,3.9859,1.7,0,0,0,0,0,0,0,0,0,0,0,0,0,0,0,0,1,0,0,0,0,0,0,0,0,0,0,0,0,0,0,0,0,0,0,0,1.44,1.87,24.71
979,GLAMGLOW,YOUTHMUD‚Ñ¢ Tinglexfoliate Treatment Mask,59.0,2000,77093,4.0934,1.7,0,0,0,0,0,0,0,0,0,0,0,0,0,1,0,0,0,0,0,0,0,0,0,0,0,0,0,0,0,0,0,0,0,0,0,0,2.59,0.2,34.71
980,Dr. Brandt Skincare,needles no more‚Ñ¢,89.0,435,12064,3.4391,0.5,0,1,0,0,0,0,0,0,0,0,0,0,0,0,0,0,0,0,0,0,0,0,0,0,0,0,0,0,0,0,0,0,0,0,0,0,3.61,0.79,178.0
981,IT Cosmetics,Bye Bye Breakout‚Ñ¢ Full-Coverage Concealer,28.0,340,34016,3.9,0.35,0,0,0,0,0,1,0,0,0,0,0,0,0,0,0,0,0,0,0,0,0,0,0,0,0,0,0,0,0,0,0,0,0,0,0,0,1.0,1.15,80.0
982,Murad,Skin Perfecting Lotion - Blemish Prone/Oily Skin,40.0,883,27620,4.2854,1.7,0,0,0,0,0,1,0,0,0,0,0,0,0,0,0,0,0,0,0,0,0,0,0,0,0,0,0,0,0,0,0,0,0,0,0,0,3.2,0.49,23.53
983,Kate Somerville,Wrinkle Warrior‚Ñ¢ 2-in-1 Plumping Moisturizer + Serum,95.0,253,12668,3.7984,1.7,0,1,0,0,0,0,0,0,0,0,0,0,0,0,0,0,0,0,0,0,0,0,0,0,0,0,0,0,0,0,0,0,0,0,0,0,2.0,1.5,55.88
984,Dr. Dennis Gross Skincare,Alpha Beta¬Æ Clinic-At-Home Kit Extra Strength,88.0,23,5310,4.7826,,0,0,0,0,0,0,0,0,0,0,0,0,0,0,0,0,0,0,0,1,0,0,0,0,0,0,0,0,0,0,0,0,0,0,0,0,0.43,20.79,
985,Dior,Capture Totale Dreamskin Advanced Refill,128.0,11,3380,4.9091,1.7,0,0,0,0,0,0,0,0,0,0,0,0,0,0,0,0,1,0,0,0,0,0,0,0,0,0,0,0,0,0,0,0,0,0,0,0,0.33,44.63,75.29
986,bareMinerals,SKINLONGEVITY‚Ñ¢ Vital Power Infusion Serum,58.0,242,13028,4.4132,1.7,0,0,0,0,0,0,0,0,0,0,0,0,0,0,0,0,1,0,0,0,0,0,0,0,0,0,0,0,0,0,0,0,0,0,0,0,1.86,1.82,34.12
987,Kate Somerville,D-Scar‚Ñ¢ Scar Diminishing Serum,48.0,368,25786,4.144,0.66,0,0,0,0,0,0,0,0,0,0,0,0,0,0,0,0,1,0,0,0,0,0,0,0,0,0,0,0,0,0,0,0,0,0,0,0,1.43,1.13,72.73
988,Dr. Dennis Gross Skincare,Alpha Beta¬Æ Ultra Gentle Daily Peel for Sensitive Skin,88.0,151,9535,4.3775,,0,0,0,0,0,0,0,0,0,0,0,0,0,0,0,0,0,0,0,1,0,0,0,0,0,0,0,0,0,0,0,0,0,0,0,0,1.58,2.9,
989,Supergoop!,City Sunscreen Serum SPF 30,42.0,265,8879,4.0868,2.0,1,0,0,0,0,0,0,0,0,0,0,0,0,0,0,0,0,1,0,0,0,0,0,0,0,0,0,0,0,0,0,0,0,0,0,0,2.98,1.54,21.0
990,Fresh,Rose Deep Hydration Face Serum,48.0,114,15860,4.2368,1.0,0,0,0,0,0,0,0,0,0,0,0,0,0,0,0,0,1,0,0,0,0,0,0,0,0,0,0,0,0,0,0,0,0,0,0,0,0.72,3.72,48.0
991,Murad,Rapid Relief Acne Spot Treatment,22.0,240,13635,4.0375,0.5,0,0,0,0,0,1,0,0,0,0,0,0,0,0,0,0,0,0,0,0,0,0,0,0,0,0,0,0,0,0,0,0,0,0,0,0,1.76,1.68,44.0
992,philosophy,The Microdelivery Resurfacing Peel,72.0,1000,32049,4.6988,,0,0,0,0,0,0,0,0,0,0,0,0,0,0,0,0,0,0,0,1,0,0,0,0,0,0,0,0,0,0,0,0,0,0,0,0,3.12,0.47,
993,Kate Somerville,Anti Bac Clearing Lotion,42.0,490,19184,4.4367,1.7,0,0,0,0,0,0,0,0,0,0,0,0,0,0,0,0,1,0,0,0,0,0,0,0,0,0,0,0,0,0,0,0,0,0,0,0,2.55,0.91,24.71
994,Tatcha,Luminous Deep Hydration Firming Serum,95.0,94,14575,3.7872,1.0,1,0,0,0,0,0,0,0,0,0,0,0,0,0,0,0,1,0,0,0,0,0,0,0,0,0,0,0,0,0,0,0,0,0,0,0,0.64,4.03,95.0
995,Kiehl's Since 1851,Daily Reviving Concentrate,47.0,88,18345,4.625,1.0,0,0,0,0,0,0,0,0,0,0,0,0,0,0,0,0,1,0,0,0,0,0,0,0,0,0,0,0,0,0,0,0,0,0,0,0,0.48,5.26,47.0
996,Volition Beauty,Snow Mushroom Water Serum,62.0,219,10486,4.484,1.0,1,0,0,0,0,0,0,0,0,0,0,0,0,0,0,0,1,0,0,0,0,0,0,0,0,0,0,0,0,0,0,0,0,0,0,0,2.09,2.05,62.0
997,Peter Thomas Roth,PROfessional Strength 40% Triple Acid Peel,88.0,246,12813,4.0041,,0,0,0,0,0,0,0,0,0,0,0,0,0,0,0,0,0,0,0,1,0,0,0,0,0,0,0,0,0,0,0,0,0,0,0,0,1.92,1.63,
998,Murad,Acne Body Wash,43.0,327,14397,4.1346,8.5,0,0,0,0,0,1,0,0,0,0,0,0,0,0,0,0,0,0,0,0,0,0,0,0,0,0,0,0,0,0,0,0,0,0,0,0,2.27,1.26,5.06
999,Peter Thomas Roth,Peptide 21‚Ñ¢ Amino Acid Exfoliating Peel Pads,52.0,351,1300,4.6923,,0,0,0,0,0,0,0,0,0,0,0,0,0,0,0,0,0,0,0,1,0,0,0,0,0,0,0,0,0,0,0,0,0,0,0,0,27.0,1.34,
1000,Dr. Dennis Gross Skincare,Ferulic + Retinol Wrinkle Recovery Overnight Serum,88.0,78,10538,4.2564,1.0,0,0,0,0,0,0,0,0,0,0,0,0,0,0,0,0,0,0,0,0,0,0,0,0,0,0,0,0,1,0,0,0,0,0,0,0,0.74,5.46,88.0
1001,Guerlain,Midnight Secret Late Night Recovery Treatment,29.5,27,17527,4.1852,0.5,0,0,0,0,0,0,0,0,0,0,0,0,0,0,0,0,0,0,0,0,0,0,0,0,0,0,0,0,1,0,0,0,0,0,0,0,0.15,15.5,59.0
1002,Caudalie,Resveratrol Lift Firming Serum,82.0,74,9091,4.3108,1.0,1,0,0,0,0,0,0,0,0,0,0,0,0,0,0,0,1,0,0,0,0,0,0,0,0,0,0,0,0,0,0,0,0,0,0,0,0.81,5.83,82.0
1003,Perricone MD,Vitamin C Ester Brightening Serum,69.0,403,8576,4.4839,1.0,0,0,0,0,0,0,0,0,0,0,0,0,0,0,0,0,1,0,0,0,0,0,0,0,0,0,0,0,0,0,0,0,0,0,0,0,4.7,1.11,69.0
1004,belif,Hungarian Water Essence,42.0,337,21305,4.2641,2.53,0,0,0,0,0,0,0,0,0,0,0,0,0,0,0,0,0,0,0,0,0,0,0,0,0,1,0,0,0,0,0,0,0,0,0,0,1.58,1.27,16.6
1005,The Ordinary,Argireline Solution 10%,7.9,8,3742,3.5,1.0,0,0,0,0,0,0,0,0,0,0,0,0,0,0,0,0,1,0,0,0,0,0,0,0,0,0,0,0,0,0,0,0,0,0,0,0,0.21,43.75,7.9
1006,AMOREPACIFIC,Youth Revolution Vitamin C Radiance Concentrator,250.0,7,618,4.2857,1.0,0,0,0,0,0,0,0,0,0,0,0,0,0,0,0,0,1,0,0,0,0,0,0,0,0,0,0,0,0,0,0,0,0,0,0,0,1.13,61.22,250.0
1007,Volition Beauty,Apple Cider Vinegar Resurfacing Peel Pads,64.0,48,2734,4.5833,,1,0,0,0,0,0,0,0,0,0,0,0,0,0,0,0,0,0,0,1,0,0,0,0,0,0,0,0,0,0,0,0,0,0,0,0,1.76,9.55,
1008,IT Cosmetics,Bye Bye Pores Primer‚Ñ¢ Oil-Free Poreless Skin-Perfecting Serum Primer,38.0,177,13571,3.6271,1.0,0,0,0,0,0,1,0,0,0,0,0,0,0,0,0,0,0,0,0,0,0,0,0,0,0,0,0,0,0,0,0,0,0,0,0,0,1.3,2.05,38.0
1009,Josie Maran,Pure Argan Milk‚Ñ¢ Intensive Hydrating Treatment,56.0,988,32303,4.0445,1.0,1,0,0,0,0,0,0,0,0,0,0,0,0,0,0,0,1,0,0,0,0,0,0,0,0,0,0,0,0,0,0,0,0,0,0,0,3.06,0.41,56.0
1010,Dior,One Essential Skin Boosting Super Serum,100.0,23,4200,4.7391,1.0,0,0,0,0,0,0,0,0,0,0,0,0,0,0,0,0,1,0,0,0,0,0,0,0,0,0,0,0,0,0,0,0,0,0,0,0,0.55,20.6,100.0
1011,IT Cosmetics,Bye Bye Lines Serum‚Ñ¢ Advanced Anti-Aging Wrinkle-Smoothing Miracle Concentrate,58.0,63,8402,4.0159,1.0,0,0,0,0,0,0,0,0,0,0,0,0,0,0,0,0,1,0,0,0,0,0,0,0,0,0,0,0,0,0,0,0,0,0,0,0,0.75,6.37,58.0
1012,Dermalogica,Ultracalming Serum Concentrate,60.0,8,1075,4.875,1.3,0,0,0,0,0,0,0,0,0,0,0,0,0,0,0,0,1,0,0,0,0,0,0,0,0,0,0,0,0,0,0,0,0,0,0,0,0.74,60.94,46.15
1013,Kiehl's Since 1851,Hydro-Plumping Re-Texturizing Serum Concentrate,59.0,62,10699,4.3065,1.7,0,0,0,0,0,0,0,0,0,0,0,0,0,0,0,0,1,0,0,0,0,0,0,0,0,0,0,0,0,0,0,0,0,0,0,0,0.58,6.95,34.71
1014,FARS√ÅLI,Volcanic Elixir Polynesian Beauty Oil,39.0,627,21962,4.4577,1.0,0,0,0,0,0,0,0,0,0,0,0,0,0,0,1,0,0,0,0,0,0,0,0,0,0,0,0,0,0,0,0,0,0,0,0,0,2.85,0.71,39.0
1015,REN Clean Skincare,Keep Young And Beautiful‚Ñ¢ Instant Firming Beauty Shot,56.0,214,12620,4.014,1.02,1,1,0,0,0,0,0,0,0,0,0,0,0,0,0,0,0,0,0,0,0,0,0,0,0,0,0,0,0,0,0,0,0,0,0,0,1.7,1.88,54.9
1016,SUNDAY RILEY,Saturn Sulfur Acne Treatment Mask,55.0,346,26857,4.2197,2.0,0,0,0,0,0,1,0,0,0,0,0,0,0,0,0,0,0,0,0,0,0,0,0,0,0,0,0,0,0,0,0,0,0,0,0,0,1.29,1.22,27.5
1018,LightStim ,Lightstim¬Æ for Acne,169.0,6,2259,4.3333,,0,0,0,0,0,1,0,0,0,0,0,0,0,0,0,0,0,0,0,0,0,0,0,0,0,0,0,0,0,0,0,0,0,0,0,0,0.27,72.22,
1019,Lanc√¥me,Visionnaire Advanced Skin Corrector Serum,116.0,138,9847,4.2029,1.7,0,0,0,0,0,0,0,0,0,0,0,0,0,0,0,0,1,0,0,0,0,0,0,0,0,0,0,0,0,0,0,0,0,0,0,0,1.4,3.05,68.24
1020,REN Clean Skincare,Evercalm‚Ñ¢ Anti-Redness Serum,50.0,147,10279,3.8231,1.02,1,0,0,0,0,0,0,0,0,0,0,0,0,0,0,0,1,0,0,0,0,0,0,0,0,0,0,0,0,0,0,0,0,0,0,0,1.43,2.6,49.02
1021,La Mer,The Perfecting Treatment,245.0,23,2707,4.6522,1.7,0,1,0,0,0,0,0,0,0,0,0,0,0,0,0,0,0,0,0,0,0,0,0,0,0,0,0,0,0,0,0,0,0,0,0,0,0.85,20.23,144.12
1022,Naturally Serious,Supercharge Anti-Oxidant Moisture Serum,56.0,18,1250,4.2778,1.0,1,0,0,0,0,0,0,0,0,0,0,0,0,0,0,0,1,0,0,0,0,0,0,0,0,0,0,0,0,0,0,0,0,0,0,0,1.44,23.77,56.0
1023,CLINIQUE,Acne Solutions Clarifying Lotion,17.0,891,25815,4.44,6.7,0,0,0,0,0,1,0,0,0,0,0,0,0,0,0,0,0,0,0,0,0,0,0,0,0,0,0,0,0,0,0,0,0,0,0,0,3.45,0.5,2.54
1024,Youth To The People,Superfood Firm and Brighten Vitamin C Serum,62.0,102,11724,3.9608,1.0,1,0,0,0,0,0,0,0,0,0,0,0,0,0,0,0,1,0,0,0,0,0,0,0,0,0,0,0,0,0,0,0,0,0,0,0,0.87,3.88,62.0
1025,Peter Thomas Roth,Acne-Clear Invisible Dots,30.0,435,19184,3.5563,,0,0,0,0,0,1,0,0,0,0,0,0,0,0,0,0,0,0,0,0,0,0,0,0,0,0,0,0,0,0,0,0,0,0,0,0,2.27,0.82,
1026,KORRES,Wild Rose 15% Vitamin C Spotless Serum,75.0,79,10205,3.8987,1.01,1,0,0,0,0,0,0,0,0,0,0,0,0,0,0,0,1,0,0,0,0,0,0,0,0,0,0,0,0,0,0,0,0,0,0,0,0.77,4.94,74.26
1027,Kate Somerville,EradiKate¬Æ Salicylic Acid Acne Treatment,58.0,37,3648,4.3784,1.0,0,0,0,0,0,1,0,0,0,0,0,0,0,0,0,0,0,0,0,0,0,0,0,0,0,0,0,0,0,0,0,0,0,0,0,0,1.01,11.83,58.0
1028,Jack Black,Protein Booster Skin Serum,62.0,55,4113,4.6909,2.0,0,0,0,0,0,0,0,0,0,0,0,0,0,0,0,0,0,0,0,0,0,0,0,0,0,0,1,0,0,0,0,0,0,0,0,0,1.34,8.53,31.0
1029,Shiseido,White Lucent MicroTargeting Spot Corrector,135.0,60,6700,3.3333,1.0,0,0,0,0,0,0,0,0,0,0,0,0,0,0,0,0,1,0,0,0,0,0,0,0,0,0,0,0,0,0,0,0,0,0,0,0,0.9,5.56,135.0
1030,Neogen Dermalogy,Bio-Peel Gauze Peeling - Green Tea,27.0,201,17139,4.6716,,0,0,0,0,0,0,0,0,0,0,0,0,0,0,0,0,0,0,0,1,0,0,0,0,0,0,0,0,0,0,0,0,0,0,0,0,1.17,2.32,
1031,First Aid Beauty,FAB Skin Lab Resurfacing Liquid 10% AHA,55.0,117,16210,4.4786,1.0,0,0,0,0,0,0,0,0,0,0,0,0,0,0,0,0,0,0,0,1,0,0,0,0,0,0,0,0,0,0,0,0,0,0,0,0,0.72,3.83,55.0
1033,Caudalie,Premier Cru Serum,150.0,78,5565,4.0769,1.0,1,1,0,0,0,0,0,0,0,0,0,0,0,0,0,0,0,0,0,0,0,0,0,0,0,0,0,0,0,0,0,0,0,0,0,0,1.4,5.23,150.0
1035,Murad,Pure Skin¬Æ Clarifying Dietary Supplement,50.0,498,11164,4.1104,,0,0,0,0,1,0,0,0,0,0,0,0,0,0,0,0,0,0,0,0,0,0,0,0,0,0,0,0,0,0,0,0,0,0,0,0,4.46,0.83,
1036,Shiseido,Future Solution LX Intensive Firming Contour Serum,306.0,4,652,4.25,1.6,0,0,0,0,0,0,0,0,0,0,0,0,0,0,0,0,1,0,0,0,0,0,0,0,0,0,0,0,0,0,0,0,0,0,0,0,0.61,106.25,191.25
1037,Kate Somerville,Breakout Fighters,55.0,14,5132,4.2857,,0,0,0,0,0,0,0,0,0,0,0,0,0,0,0,0,0,0,0,0,0,0,0,0,0,0,0,0,0,0,0,0,0,0,0,1,0.27,30.61,
1038,NuFACE,Prep-N-Glow‚Ñ¢ Cloths,20.0,135,8898,4.7556,,0,0,0,0,0,0,0,0,0,0,0,0,0,0,0,0,0,0,0,1,0,0,0,0,0,0,0,0,0,0,0,0,0,0,0,0,1.52,3.52,
1039,Perricone MD,Neuropeptide Smoothing Facial Conformer,495.0,24,1372,4.25,2.0,0,0,0,0,0,0,0,0,0,0,0,0,0,0,0,0,1,0,0,0,0,0,0,0,0,0,0,0,0,0,0,0,0,0,0,0,1.75,17.71,247.5
1040,Omorovicza,Acid Fix AHA BHA Treatment,125.0,16,4388,4.9375,1.0,1,0,0,0,0,0,0,0,0,0,0,0,0,0,0,0,0,0,0,1,0,0,0,0,0,0,0,0,0,0,0,0,0,0,0,0,0.36,30.86,125.0
1041,Murad,Rapid Resurfacing Peel,46.0,59,8879,4.661,,0,0,0,0,0,0,0,0,0,0,0,0,0,0,0,0,0,0,0,1,0,0,0,0,0,0,0,0,0,0,0,0,0,0,0,0,0.66,7.9,
1042,Murad,Post-Acne Spot Lightening Gel,67.0,452,17234,3.7367,1.0,0,0,0,0,0,1,0,0,0,0,0,0,0,0,0,0,0,0,0,0,0,0,0,0,0,0,0,0,0,0,0,0,0,0,0,0,2.62,0.83,67.0
1043,Naturally Serious,Get Even Cold-Pressed Peel Pads,38.0,28,2431,4.5357,,1,0,0,0,0,0,0,0,0,0,0,0,0,0,0,0,0,0,0,1,0,0,0,0,0,0,0,0,0,0,0,0,0,0,0,0,1.15,16.2,
1044,Proactiv,"ProactivMD 3-Piece Kit, 30 Day Introductory Size",35.0,334,1967,4.2575,,0,0,0,0,0,1,0,0,0,0,0,0,0,0,0,0,0,0,0,0,0,0,0,0,0,0,0,0,0,0,0,0,0,0,0,0,16.98,1.27,
1045,Est√©e Lauder,Perfectionist CP+R Wrinkle Lifting/Firming Serum,98.0,70,11193,4.2714,1.7,0,0,0,0,0,0,0,0,0,0,0,0,0,0,0,0,1,0,0,0,0,0,0,0,0,0,0,0,0,0,0,0,0,0,0,0,0.63,6.1,57.65
1046,Dr. Dennis Gross Skincare,Ferulic + Retinol Wrinkle Recovery Peel,88.0,150,11010,4.38,,0,0,0,0,0,0,0,0,0,0,0,0,0,0,0,0,0,0,0,1,0,0,0,0,0,0,0,0,0,0,0,0,0,0,0,0,1.36,2.92,
1047,Algenist,POWER Recharging Night Pressed Serum,95.0,164,7961,4.3841,2.0,0,0,0,0,0,0,0,0,0,0,0,0,0,0,0,0,1,0,0,0,0,0,0,0,0,0,0,0,0,0,0,0,0,0,0,0,2.06,2.67,47.5
1048,The Ordinary,Mandelic Acid 10% + HA,6.7,4,3725,4.5,1.0,0,0,0,0,0,0,0,0,0,0,0,0,0,0,0,0,1,0,0,0,0,0,0,0,0,0,0,0,0,0,0,0,0,0,0,0,0.11,112.5,6.7
1049,Guerlain,Abeille Royale Daily Repair Serum,150.0,18,4043,3.7222,1.0,0,0,0,0,0,0,0,0,0,0,0,0,0,0,0,0,1,0,0,0,0,0,0,0,0,0,0,0,0,0,0,0,0,0,0,0,0.45,20.68,150.0
1050,Murad,Outsmart Acne Clarifying Treatment,44.0,161,4040,4.3106,1.7,0,0,0,0,0,1,0,0,0,0,0,0,0,0,0,0,0,0,0,0,0,0,0,0,0,0,0,0,0,0,0,0,0,0,0,0,3.99,2.68,25.88
1051,Est√©e Lauder,Idealist Pore Minimizing Skin Refinisher,86.0,67,7929,3.9851,1.7,0,0,0,0,0,0,0,0,0,0,0,0,0,0,0,0,1,0,0,0,0,0,0,0,0,0,0,0,0,0,0,0,0,0,0,0,0.84,5.95,50.59
1052,First Aid Beauty,FAB Skin Lab Retinol Serum 0.25% Pure Concentrate,58.0,64,9955,4.0625,1.0,0,0,0,0,0,0,0,0,0,0,0,0,0,0,0,0,1,0,0,0,0,0,0,0,0,0,0,0,0,0,0,0,0,0,0,0,0.64,6.35,58.0
1053,Alpha-H,Liquid Gold,60.0,6,1451,4.8333,3.38,0,0,0,0,0,0,0,0,0,0,0,0,0,0,0,0,1,0,0,0,0,0,0,0,0,0,0,0,0,0,0,0,0,0,0,0,0.41,80.56,17.75
1054,Private Doctor,Minus Serum,49.0,115,7861,4.4522,1.3,0,0,0,0,0,0,0,0,0,0,0,0,0,0,0,0,1,0,0,0,0,0,0,0,0,0,0,0,0,0,0,0,0,0,0,0,1.46,3.87,37.69
1055,Murad,Advanced Acne & Wrinkle Reducer,54.0,64,6729,4.0938,1.0,0,1,0,0,0,0,0,0,0,0,0,0,0,0,0,0,0,0,0,0,0,0,0,0,0,0,0,0,0,0,0,0,0,0,0,0,0.95,6.4,54.0
1056,Herbivore,Prism Exfoliating Glow Potion,62.0,190,24378,4.1947,1.0,1,0,0,0,0,0,0,0,0,0,0,0,0,0,0,0,0,0,0,1,0,0,0,0,0,0,0,0,0,0,0,0,0,0,0,0,0.78,2.21,62.0
1057,Fresh,Black Tea Age-Delay Firming Serum,75.0,75,9281,3.96,1.0,0,0,0,0,0,0,0,0,0,0,0,0,0,0,0,0,1,0,0,0,0,0,0,0,0,0,0,0,0,0,0,0,0,0,0,0,0.81,5.28,75.0
1058,CLINIQUE,Blackhead Solutions 7 Day Deep Pore Cleanse & Scrub,24.0,461,8065,4.1866,4.2,0,0,0,0,0,1,0,0,0,0,0,0,0,0,0,0,0,0,0,0,0,0,0,0,0,0,0,0,0,0,0,0,0,0,0,0,5.72,0.91,5.71
1059,CLINIQUE,Repairwear Laser Focus ,50.0,652,10881,4.1258,1.0,0,1,0,0,0,0,0,0,0,0,0,0,0,0,0,0,0,0,0,0,0,0,0,0,0,0,0,0,0,0,0,0,0,0,0,0,5.99,0.63,50.0
1060,REN Clean Skincare,Perfect Canvas Skin Finishing Serum,55.0,342,9081,4.5322,1.02,1,0,0,0,0,0,0,0,0,0,0,0,0,0,0,0,1,0,0,0,0,0,0,0,0,0,0,0,0,0,0,0,0,0,0,0,3.77,1.33,53.92
1061,Tata Harper,Rejuvenating Serum,110.0,175,5634,3.56,1.0,1,0,0,0,0,0,0,0,0,0,0,0,0,0,0,0,1,0,0,0,0,0,0,0,0,0,0,0,0,0,0,0,0,0,0,0,3.11,2.03,110.0
1063,Lancer,Younger¬Æ Pure Youth Serum with MIMIXYL‚Ñ¢,275.0,4,1685,5.0,1.0,0,0,0,0,0,0,0,0,0,0,0,0,0,0,0,0,1,0,0,0,0,0,0,0,0,0,0,0,0,0,0,0,0,0,0,0,0.24,125.0,275.0
1065,CLINIQUE,Even Better Clinical Dark Spot Corrector & Optimizer,50.0,50,6077,3.02,1.0,0,0,0,0,0,0,0,0,0,0,0,0,0,0,0,0,1,0,0,0,0,0,0,0,0,0,0,0,0,0,0,0,0,0,0,0,0.82,6.04,50.0
1067,Algenist,GENIUS Ultimate Anti-Aging Vitamin C+ Serum,118.0,210,8048,3.9429,1.0,0,1,0,0,0,0,0,0,0,0,0,0,0,0,0,0,0,0,0,0,0,0,0,0,0,0,0,0,0,0,0,0,0,0,0,0,2.61,1.88,118.0
1068,Tata Harper,Retinoic Nutrient Face Oil,48.0,51,6082,4.3726,0.33,1,0,0,0,0,0,0,0,0,0,0,0,0,0,1,0,0,0,0,0,0,0,0,0,0,0,0,0,0,0,0,0,0,0,0,0,0.84,8.57,145.45
1069,The Ordinary,Amino Acids + B5,6.8,7,3204,4.1429,1.0,0,0,0,0,0,0,0,0,0,0,0,0,0,0,0,0,1,0,0,0,0,0,0,0,0,0,0,0,0,0,0,0,0,0,0,0,0.22,59.18,6.8
1070,Dr. Jart+,Peptidin‚Ñ¢ Radiance Serum with Energy Peptides,48.0,152,6783,4.3487,1.35,0,0,0,0,0,0,0,0,0,0,0,0,0,0,0,0,1,0,0,0,0,0,0,0,0,0,0,0,0,0,0,0,0,0,0,0,2.24,2.86,35.56
1071,Edible Beauty,No. 3 Exotic Goddess Ageless Serum,57.0,72,6600,4.6528,1.0,1,0,0,0,0,0,0,0,0,0,0,0,0,0,0,0,1,0,0,0,0,0,0,0,0,0,0,0,0,0,0,0,0,0,0,0,1.09,6.46,57.0
1072,Caudalie,Glycolic Peel,39.0,128,15780,4.2187,2.5,1,0,0,0,0,0,0,0,0,0,0,0,0,0,0,0,0,0,0,1,0,0,0,0,0,0,0,0,0,0,0,0,0,0,0,0,0.81,3.3,15.6
1073,Tata Harper,Resurfacing Serum,88.0,115,9982,4.113,1.0,1,0,0,0,0,0,0,0,0,0,0,0,0,0,0,0,0,0,0,1,0,0,0,0,0,0,0,0,0,0,0,0,0,0,0,0,1.15,3.58,88.0
1074,Murad,Rapid Collagen Infusion,78.0,93,5450,4.2043,1.0,0,0,0,0,0,0,0,0,0,0,0,0,0,0,0,0,1,0,0,0,0,0,0,0,0,0,0,0,0,0,0,0,0,0,0,0,1.71,4.52,78.0
1075,Murad,Eye Lift Firming Treatment,70.0,112,7871,3.9554,1.0,0,0,0,0,0,0,0,0,0,0,0,1,0,0,0,0,0,0,0,0,0,0,0,0,0,0,0,0,0,0,0,0,0,0,0,0,1.42,3.53,70.0
1076,Algenist,POWER Advanced Wrinkle Fighter 360¬∞ Eye Serum,70.0,64,6385,4.0938,0.5,0,0,0,0,0,0,0,0,0,0,0,1,0,0,0,0,0,0,0,0,0,0,0,0,0,0,0,0,0,0,0,0,0,0,0,0,1.0,6.4,140.0
1077,Dr. Dennis Gross Skincare,Alpha Beta¬Æ Medi‚ÄìSpa Peel ,64.0,112,9151,4.4911,,0,0,0,0,0,0,0,0,0,0,0,0,0,0,0,0,0,0,0,1,0,0,0,0,0,0,0,0,0,0,0,0,0,0,0,0,1.22,4.01,
1078,Kate Somerville,Liquid ExfoliKate¬Æ Triple Acid Resurfacing Treatment,58.0,191,8006,4.4398,4.0,0,0,0,0,0,0,0,0,0,0,0,0,0,0,0,0,0,0,0,1,0,0,0,0,0,0,0,0,0,0,0,0,0,0,0,0,2.39,2.32,14.5
1079,Mario Badescu,Acne Facial Cleanser,15.0,28,5357,4.1786,6.0,0,0,0,0,0,1,0,0,0,0,0,0,0,0,0,0,0,0,0,0,0,0,0,0,0,0,0,0,0,0,0,0,0,0,0,0,0.52,14.92,2.5
1080,First Aid Beauty,Skin Rescue Acne Clearing Pads with White Clay,30.0,67,4926,4.0896,,0,0,0,0,0,1,0,0,0,0,0,0,0,0,0,0,0,0,0,0,0,0,0,0,0,0,0,0,0,0,0,0,0,0,0,0,1.36,6.1,
1081,Origins,Plantscription‚Ñ¢ Anti-Aging Power Serum,60.0,53,5117,4.0,1.0,1,0,0,0,0,0,0,0,0,0,0,0,0,0,0,0,1,0,0,0,0,0,0,0,0,0,0,0,0,0,0,0,0,0,0,0,1.04,7.55,60.0
1082,Mario Badescu,Vitamin C Serum,45.0,13,3559,4.2308,1.0,0,0,0,0,0,0,0,0,0,0,0,0,0,0,0,0,1,0,0,0,0,0,0,0,0,0,0,0,0,0,0,0,0,0,0,0,0.37,32.54,45.0
1083,Saturday Skin,Bright Potion Probiotic Power Serum,51.0,7,2311,5.0,1.0,0,0,0,0,0,0,0,0,0,0,0,0,0,0,0,0,1,0,0,0,0,0,0,0,0,0,0,0,0,0,0,0,0,0,0,0,0.3,71.43,51.0
1084,Murad,Revitalixir‚Ñ¢ Recovery Serum,89.0,263,3947,4.4068,1.35,0,0,0,0,0,0,0,0,0,0,0,0,0,0,0,0,0,0,0,0,0,0,0,0,0,0,0,0,1,0,0,0,0,0,0,0,6.66,1.68,65.93
1085,Peter Thomas Roth,Potent-C‚Ñ¢ Vitamin C Targeted Spot Brightener,58.0,291,4467,4.457,0.5,0,0,0,0,0,0,0,0,0,0,0,0,0,0,0,0,1,0,0,0,0,0,0,0,0,0,0,0,0,0,0,0,0,0,0,0,6.51,1.53,116.0
1086,boscia,Sake Hydrating and Brightening Serum,50.0,61,12051,4.4098,1.7,1,0,0,0,0,0,0,0,0,0,0,0,0,0,0,0,1,0,0,0,0,0,0,0,0,0,0,0,0,0,0,0,0,0,0,0,0.51,7.23,29.41
1088,KORRES,"Black Pine 3D Sculpting, Firming & Lifting Face Serum",75.0,27,3135,4.3333,1.01,1,0,0,0,0,0,0,0,0,0,0,0,0,0,0,0,1,0,0,0,0,0,0,0,0,0,0,0,0,0,0,0,0,0,0,0,0.86,16.05,74.26
1089,Obagi Clinical,Vitamin C+ Arbutin Brightening Serum,90.0,104,2255,4.3846,1.0,0,0,0,0,0,0,0,0,0,0,0,0,0,0,0,0,1,0,0,0,0,0,0,0,0,0,0,0,0,0,0,0,0,0,0,0,4.61,4.22,90.0
1090,Lancer,The Method: Polish Blemish Control,75.0,24,5059,4.7917,4.2,0,0,0,0,0,0,0,0,0,0,1,0,0,0,0,0,0,0,0,0,0,0,0,0,0,0,0,0,0,0,0,0,0,0,0,0,0.47,19.97,17.86
1091,L'Occitane,Immortelle Reset Overnight Reset Oil-In Serum,59.0,3,575,5.0,1.0,0,0,0,0,0,0,0,0,0,0,0,0,0,0,0,0,0,0,0,0,0,0,0,0,0,0,0,0,1,0,0,0,0,0,0,0,0.52,166.67,59.0
1092,The Ordinary,EUK 134 0.1%,8.8,3,2415,4.3333,1.0,0,0,0,0,0,0,0,0,0,0,0,0,0,0,0,0,1,0,0,0,0,0,0,0,0,0,0,0,0,0,0,0,0,0,0,0,0.12,144.44,8.8
1093,CLINIQUE,Fresh Pressed Clinical‚Ñ¢ Daily + Overnight Boosters with Pure Vitamin C 10% + A (Retinol),39.5,9,1627,3.8889,,0,0,0,0,0,0,0,0,0,0,0,0,0,0,0,0,0,0,0,0,0,0,0,0,0,0,0,0,1,0,0,0,0,0,0,0,0.55,43.21,
1094,La Mer,The Revitalizing Hydrating Serum,205.0,14,4458,4.2143,1.0,0,0,0,0,0,0,0,0,0,0,0,0,0,0,0,0,1,0,0,0,0,0,0,0,0,0,0,0,0,0,0,0,0,0,0,0,0.31,30.1,205.0
1095,REN Clean Skincare,Bio Retinoid Anti-Wrinkle Concentrate Oil,69.0,106,8888,4.1604,1.02,1,0,0,0,0,0,0,0,0,0,0,0,0,0,1,0,0,0,0,0,0,0,0,0,0,0,0,0,0,0,0,0,0,0,0,0,1.19,3.92,67.65
1096,Murad,Clarifying Toner,25.0,775,15987,4.3626,6.0,0,0,0,0,0,0,0,0,0,0,0,0,0,0,0,0,0,0,0,0,0,0,0,0,0,0,0,0,0,0,0,0,0,1,0,0,4.85,0.56,4.17
1097,Kate Somerville,Age Arrest Anti-Wrinkle Cream,90.0,68,3293,4.0588,1.7,0,1,0,0,0,0,0,0,0,0,0,0,0,0,0,0,0,0,0,0,0,0,0,0,0,0,0,0,0,0,0,0,0,0,0,0,2.06,5.97,52.94
1098,Skin Inc Supplement Bar,My Daily Dose Custom-Blended Serum Set,84.0,121,6219,4.2562,,0,0,0,0,0,0,0,0,0,0,0,0,0,0,0,0,1,0,0,0,0,0,0,0,0,0,0,0,0,0,0,0,0,0,0,0,1.95,3.52,
1099,Peter Thomas Roth,Acne Clearing Wash,38.0,90,6791,4.2,8.5,0,0,0,0,0,1,0,0,0,0,0,0,0,0,0,0,0,0,0,0,0,0,0,0,0,0,0,0,0,0,0,0,0,0,0,0,1.33,4.67,4.47
1100,Origins,Dr. Andrew Weil For Origins‚Ñ¢ Mega-Mushroom Relief & Resilience Advanced Face Serum,56.0,64,3771,4.1406,1.0,1,0,0,0,0,0,0,0,0,0,0,0,0,0,0,0,1,0,0,0,0,0,0,0,0,0,0,0,0,0,0,0,0,0,0,0,1.7,6.47,56.0
1101,Lancer,Caviar Lime Acid Peel,90.0,338,3654,4.7041,1.7,0,0,0,0,0,0,0,0,0,0,0,0,0,0,0,0,0,0,0,1,0,0,0,0,0,0,0,0,0,0,0,0,0,0,0,0,9.25,1.39,52.94
1102,Moon Juice,Beauty Shroom‚Ñ¢ Plumping Jelly Serum,58.0,99,7329,4.3434,1.0,0,0,0,0,0,0,0,0,0,0,0,0,0,0,0,0,1,0,0,0,0,0,0,0,0,0,0,0,0,0,0,0,0,0,0,0,1.35,4.39,58.0
1103,Perricone MD,High Potency Classics: Hyaluronic Intensive Moisturizer,69.0,265,4266,4.4604,1.0,0,0,0,0,0,0,0,0,0,0,0,0,0,0,0,0,0,0,0,0,0,0,0,0,0,0,1,0,0,0,0,0,0,0,0,0,6.21,1.68,69.0
1104,HUM Nutrition,OMG! Omega The Great Fish Oil Supplement,30.0,55,7671,4.3636,,0,0,0,0,1,0,0,0,0,0,0,0,0,0,0,0,0,0,0,0,0,0,0,0,0,0,0,0,0,0,0,0,0,0,0,0,0.72,7.93,
1105,Caudalie,Vinopure Natural Oil Control Moisturizer,39.0,37,4810,3.8108,1.3,1,0,0,0,0,0,0,0,0,0,0,0,0,0,0,0,0,0,0,0,0,0,0,0,0,0,0,1,0,0,0,0,0,0,0,0,0.77,10.3,30.0
1106,Proactiv,Pore Targeting Treatment,60.0,1,253,5.0,3.0,0,0,0,0,0,0,0,0,0,0,0,0,0,0,0,0,1,0,0,0,0,0,0,0,0,0,0,0,0,0,0,0,0,0,0,0,0.4,500.0,20.0
1107,Lancer,Advanced Retinol Treatment,95.0,349,1503,4.6218,1.0,0,0,0,0,0,0,0,0,0,0,0,0,0,0,0,0,1,0,0,0,0,0,0,0,0,0,0,0,0,0,0,0,0,0,0,0,23.22,1.32,95.0
1108,Est√©e Lauder,Advanced Night Repair Intensive Recovery Ampoules,115.0,16,4785,4.875,,0,0,0,0,0,0,0,0,0,0,0,0,0,0,0,0,1,0,0,0,0,0,0,0,0,0,0,0,0,0,0,0,0,0,0,0,0.33,30.47,
1109,Algenist,REVEAL Concentrated Color Correcting Drops,38.0,252,13609,3.75789999999999,0.5,0,0,0,0,0,0,0,0,0,0,0,0,0,0,0,0,0,0,0,0,0,0,0,0,0,0,1,0,0,0,0,0,0,0,0,0,1.85,1.49,76.0
1110,boscia,Clear Complexion Blotting Linens,10.0,207,12723,4.4203,,1,0,0,0,0,0,1,0,0,0,0,0,0,0,0,0,0,0,0,0,0,0,0,0,0,0,0,0,0,0,0,0,0,0,0,0,1.63,2.14,
1111,Dr. Dennis Gross Skincare,Hyaluronic Marine Hydration Booster,68.0,82,5589,4.4146,1.0,0,0,0,0,0,0,0,0,0,0,0,0,0,0,0,0,0,0,0,0,0,0,0,0,0,0,0,1,0,0,0,0,0,0,0,0,1.47,5.38,68.0
1112,Briogeo,B. Well Organic + Australian 100% Tea Tree Oil,32.0,109,9606,4.8257,,1,0,0,0,0,0,0,0,0,0,0,0,0,0,1,0,0,0,0,0,0,0,0,0,0,0,0,0,0,0,0,0,0,0,0,0,1.13,4.43,
1113,Dr. Dennis Gross Skincare,Doctor's Kit Gold Standard Anti-Aging Solution,59.0,14,3514,4.9286,,0,0,0,0,0,0,0,0,0,0,0,0,0,0,0,0,1,0,0,0,0,0,0,0,0,0,0,0,0,0,0,0,0,0,0,0,0.4,35.2,
1114,belif,Peat Miracle Revital Serum Concentrate,60.0,29,5809,4.4483,1.01,0,0,0,0,0,0,0,0,0,0,0,0,0,0,0,0,1,0,0,0,0,0,0,0,0,0,0,0,0,0,0,0,0,0,0,0,0.5,15.34,59.41
1115,philosophy,Turbo Booster C Powder,39.0,777,15526,4.4504,0.25,0,0,0,0,0,0,0,0,0,0,0,0,0,0,0,0,1,0,0,0,0,0,0,0,0,0,0,0,0,0,0,0,0,0,0,0,5.0,0.57,156.0
1116,Est√©e Lauder,Perfectionist Pro Rapid Firm + Lift Treatment,75.0,9,2286,4.5556,1.0,0,1,0,0,0,0,0,0,0,0,0,0,0,0,0,0,0,0,0,0,0,0,0,0,0,0,0,0,0,0,0,0,0,0,0,0,0.39,50.62,75.0
1118,boscia,Clear Complexion Treatment,35.0,323,10292,4.0124,1.0,1,0,0,0,0,1,0,0,0,0,0,0,0,0,0,0,0,0,0,0,0,0,0,0,0,0,0,0,0,0,0,0,0,0,0,0,3.14,1.24,35.0
1119,GLAMGLOW,SUPERSERUM‚Ñ¢ 6-Acid Refining Treatment Serum,65.0,56,4576,4.5,1.0,0,0,0,0,0,0,0,0,0,0,0,0,0,0,0,0,1,0,0,0,0,0,0,0,0,0,0,0,0,0,0,0,0,0,0,0,1.22,8.04,65.0
1120,Kate Somerville,+Retinol Vita C Power Serum,98.0,72,3485,3.7361,1.0,0,0,0,0,0,0,0,0,0,0,0,0,0,0,0,0,1,0,0,0,0,0,0,0,0,0,0,0,0,0,0,0,0,0,0,0,2.07,5.19,98.0
1121,COVER FX,Mattifying Booster Drops,45.0,4,1306,5.0,1.0,1,0,0,0,0,0,0,0,0,0,0,0,0,0,0,0,1,0,0,0,0,0,0,0,0,0,0,0,0,0,0,0,0,0,0,0,0.31,125.0,45.0
1122,Skinfix,Barrier+ Lipid-Boost Jelly,50.0,5,502,5.0,1.0,1,0,0,0,0,0,0,0,0,0,0,0,0,0,0,0,1,0,0,0,0,0,0,0,0,0,0,0,0,0,0,0,0,0,0,0,1.0,100.0,50.0
1123,Murad,Acne Clear Control 30-Day Kit,29.0,53,3797,3.0189,,0,0,0,0,0,1,0,0,0,0,0,0,0,0,0,0,0,0,0,0,0,0,0,0,0,0,0,0,0,0,0,0,0,0,0,0,1.4,5.7,
1124,Peter Thomas Roth,Instant Firmx‚Ñ¢,48.0,389,3807,3.671,3.4,0,0,0,0,0,0,0,0,0,0,0,0,0,0,0,0,1,0,0,0,0,0,0,0,0,0,0,0,0,0,0,0,0,0,0,0,10.22,0.94,14.12
1125,BIOEFFECT,30 Day Treatment,290.0,12,1044,4.0,,0,0,0,0,0,0,0,0,0,0,0,0,0,0,0,0,1,0,0,0,0,0,0,0,0,0,0,0,0,0,0,0,0,0,0,0,1.15,33.33,
1126,Guerlain,Abeille Royale Double R Renew & Repair Serum,215.0,1,690,5.0,1.6,0,0,0,0,0,0,0,0,0,0,0,0,0,0,0,0,1,0,0,0,0,0,0,0,0,0,0,0,0,0,0,0,0,0,0,0,0.14,500.0,134.38
1127,Peter Thomas Roth,AHA/BHA Acne Clearing Gel,54.0,571,14712,4.3047,3.4,0,0,0,0,0,0,0,0,0,0,0,0,0,0,0,0,1,0,0,0,0,0,0,0,0,0,0,0,0,0,0,0,0,0,0,0,3.88,0.75,15.88
1128,Dr. Dennis Gross Skincare,Dark Spot Sun Defense Broad Spectrum SPF 50,42.0,89,4627,3.7753,1.7,0,0,0,0,0,0,0,0,0,0,0,0,0,0,0,0,0,1,0,0,0,0,0,0,0,0,0,0,0,0,0,0,0,0,0,0,1.92,4.24,24.71
1129,Dermalogica,Sound Sleep Cocoon Night Gel-Cream,80.0,105,315,4.5429,1.7,0,0,0,0,0,0,0,0,0,0,0,0,0,0,0,0,0,0,0,0,0,0,0,0,0,0,0,0,1,0,0,0,0,0,0,0,33.33,4.33,47.06
1130,Shiseido,White Lucent Luminizing Surge,62.0,16,6796,4.5,2.5,0,0,0,0,0,0,0,0,0,0,0,0,0,0,0,0,1,0,0,0,0,0,0,0,0,0,0,0,0,0,0,0,0,0,0,0,0.24,28.12,24.8
1131,Murad,Night Fix Enzyme Treatment,70.0,311,5503,4.7813,1.0,0,0,0,0,0,0,0,0,0,0,0,0,0,0,0,0,0,0,0,0,0,0,0,0,0,0,0,0,1,0,0,0,0,0,0,0,5.65,1.54,70.0
1132,Lancer,Lift Serum Intense with Stem Cell Recovery Complex,275.0,2,1093,5.0,1.0,0,0,0,0,0,0,0,0,0,0,0,0,0,0,0,0,1,0,0,0,0,0,0,0,0,0,0,0,0,0,0,0,0,0,0,0,0.18,250.0,275.0
1133,Proactiv,Adapalene Gel 0.1% Acne Treatment,36.0,171,1073,4.3509,1.6,0,0,0,0,0,1,0,0,0,0,0,0,0,0,0,0,0,0,0,0,0,0,0,0,0,0,0,0,0,0,0,0,0,0,0,0,15.94,2.54,22.5
1135,CLINIQUE,Fresh Pressed Daily Booster with Pure Vitamin C 10%,76.5,102,15139,4.0686,,0,0,0,0,0,0,0,0,0,0,0,0,0,0,0,0,1,0,0,0,0,0,0,0,0,0,0,0,0,0,0,0,0,0,0,0,0.67,3.99,
1136,Dermalogica,BioLumin-C Vitamin C Serum,87.0,84,372,4.5,1.0,0,0,0,0,0,0,0,0,0,0,0,0,0,0,0,0,1,0,0,0,0,0,0,0,0,0,0,0,0,0,0,0,0,0,0,0,22.58,5.36,87.0
1137,BeautyBio,The Nightly Retinol + Peptide Anti-Aging Serum,95.0,2,1441,5.0,1.0,0,0,0,0,0,0,0,0,0,0,0,0,0,0,0,0,1,0,0,0,0,0,0,0,0,0,0,0,0,0,0,0,0,0,0,0,0.14,250.0,95.0
1138,Edible Beauty,Turmeric Beauty Latte Serum Clear and Brighten,39.0,8,849,4.875,1.0,1,0,0,0,0,0,0,0,0,0,0,0,0,0,0,0,1,0,0,0,0,0,0,0,0,0,0,0,0,0,0,0,0,0,0,0,0.94,60.94,39.0
1139,KORRES,Golden Krocus Ageless Saffron Elixir Serum,98.0,341,10539,4.0557,1.01,1,0,0,0,0,0,0,0,0,0,0,0,0,0,0,0,1,0,0,0,0,0,0,0,0,0,0,0,0,0,0,0,0,0,0,0,3.24,1.19,97.03
1140,REN Clean Skincare,Flash Hydro-Boost Instant Plumping Emulsion,46.0,127,7183,4.5039,1.3,1,0,0,0,0,0,0,0,0,0,0,0,0,0,0,0,1,0,0,0,0,0,0,0,0,0,0,0,0,0,0,0,0,0,0,0,1.77,3.55,35.38
1141,Proactiv,Advanced Dark Spot Correcting Serum,50.0,1,531,5.0,1.0,0,0,0,0,0,0,0,0,0,0,0,0,0,0,0,0,1,0,0,0,0,0,0,0,0,0,0,0,0,0,0,0,0,0,0,0,0.19,500.0,50.0
1142,AMOREPACIFIC,MOISTURE BOUND Rejuvenating Serum,100.0,91,4318,4.3626,1.7,0,0,0,0,0,0,0,0,0,0,0,0,0,0,0,0,1,0,0,0,0,0,0,0,0,0,0,0,0,0,0,0,0,0,0,0,2.11,4.79,58.82
1143,SEPHORA COLLECTION,Double-Ended Blemish Extractor,17.0,495,11096,3.5818,,0,0,0,0,0,1,0,0,0,0,0,0,0,0,0,0,0,0,0,0,0,0,0,0,0,0,0,0,0,0,0,0,0,0,0,0,4.46,0.72,
1144,Murad,Advanced Active Radiance¬Æ Serum,90.0,216,6209,4.2269,1.0,0,0,0,0,0,0,0,0,0,0,0,0,0,0,0,0,1,0,0,0,0,0,0,0,0,0,0,0,0,0,0,0,0,0,0,0,3.48,1.96,90.0
1145,Lanc√¥me,Advanced G√©nifique Sensitive Antioxidant Serum,78.0,26,5709,4.6154,0.67,0,0,0,0,0,0,0,0,0,0,0,0,0,0,0,0,1,0,0,0,0,0,0,0,0,0,0,0,0,0,0,0,0,0,0,0,0.46,17.75,116.42
1146,CLINIQUE,Acne Solutions Cleansing Face and Body Soap,16.5,423,11530,4.3924,5.2,0,0,0,0,0,1,0,0,0,0,0,0,0,0,0,0,0,0,0,0,0,0,0,0,0,0,0,0,0,0,0,0,0,0,0,0,3.67,1.04,3.17
1147,DERMAdoctor,Kakadu C ‚Ñ¢ Serum,95.0,62,3997,4.0645,1.0,0,0,0,0,0,0,0,0,0,0,0,0,0,0,0,0,1,0,0,0,0,0,0,0,0,0,0,0,0,0,0,0,0,0,0,0,1.55,6.56,95.0
1148,Origins,Original Skin‚Ñ¢ Renewal Serum with Willowherb,41.0,750,19165,4.3813,1.0,1,0,0,0,0,0,0,0,0,0,0,0,0,0,0,0,1,0,0,0,0,0,0,0,0,0,0,0,0,0,0,0,0,0,0,0,3.91,0.58,41.0
1149,Dr. Dennis Gross Skincare,One Step Acne Eliminating Pads,42.0,244,9796,4.2254,,0,0,0,0,0,1,0,0,0,0,0,0,0,0,0,0,0,0,0,0,0,0,0,0,0,0,0,0,0,0,0,0,0,0,0,0,2.49,1.73,
1150,StackedSkincare,Hyaluronic Acid Champaca Hydrating Serum,130.0,2,423,5.0,1.0,0,0,0,0,0,0,0,0,0,0,0,0,0,0,0,0,1,0,0,0,0,0,0,0,0,0,0,0,0,0,0,0,0,0,0,0,0.47,250.0,130.0
1151,philosophy,Time In A Bottle 100% In-Control,76.0,48,3014,4.0625,1.3,0,1,0,0,0,0,0,0,0,0,0,0,0,0,0,0,0,0,0,0,0,0,0,0,0,0,0,0,0,0,0,0,0,0,0,0,1.59,8.46,58.46
1152,Fresh,Peony Instant Brightening Face Serum,69.0,4,2420,4.5,1.0,0,0,0,0,0,0,0,0,0,0,0,0,0,0,0,0,1,0,0,0,0,0,0,0,0,0,0,0,0,0,0,0,0,0,0,0,0.17,112.5,69.0
1153,Proactiv,"Proactiv Solution 3-Step Acne Treatment System, 30 Day Introductory Size",35.0,24,1033,2.6667,,0,0,0,0,0,0,0,0,0,0,0,0,0,0,0,0,0,0,0,0,0,0,0,0,0,0,0,0,0,0,0,0,0,0,0,1,2.32,11.11,
1154,Dr. Brandt Skincare,Bright Biotic‚Ñ¢ Dark Spot Minimizing Serum,55.0,24,3174,4.2083,,0,0,0,0,0,0,0,0,0,0,0,0,0,0,0,0,1,0,0,0,0,0,0,0,0,0,0,0,0,0,0,0,0,0,0,0,0.76,17.53,
1155,Foreo,ESPADA Blue Light Acne Treatment,149.0,104,11542,3.9231,,0,0,0,0,0,1,0,0,0,0,0,0,0,0,0,0,0,0,0,0,0,0,0,0,0,0,0,0,0,0,0,0,0,0,0,0,0.9,3.77,
1156,philosophy,A Glowing Regimen Trial Set,34.0,14,6520,4.7143,,0,0,0,0,0,0,0,0,0,0,0,0,0,0,0,0,0,0,0,0,0,0,0,0,0,0,1,0,0,0,0,0,0,0,0,0,0.21,33.67,
1157,Algenist,Pore Corrector Anti-Aging Primer,42.0,176,8824,4.3523,1.0,0,0,0,0,0,0,0,0,0,0,0,0,0,0,0,0,1,0,0,0,0,0,0,0,0,0,0,0,0,0,0,0,0,0,0,0,1.99,2.47,42.0
1158,Dermalogica,Breakout Clearing Foaming Wash,19.5,132,417,4.5152,6.0,0,0,0,0,0,0,0,0,0,0,0,0,0,0,0,0,0,0,1,0,0,0,0,0,0,0,0,0,0,0,0,0,0,0,0,0,31.65,3.42,3.25
1159,Kate Somerville,Quench Hydrating Face Serum,75.0,242,4902,4.2273,1.0,0,0,0,0,0,0,0,0,0,0,0,0,0,0,0,0,1,0,0,0,0,0,0,0,0,0,0,0,0,0,0,0,0,0,0,0,4.94,1.75,75.0
1161,Dr. Jart+,Peptidin‚Ñ¢ Firming Serum with Energy Peptides,48.0,138,4406,4.4058,1.35,0,0,0,0,0,0,0,0,0,0,0,0,0,0,0,0,1,0,0,0,0,0,0,0,0,0,0,0,0,0,0,0,0,0,0,0,3.13,3.19,35.56
1162,CLINIQUE,Fresh Pressed 7-day System with Pure Vitamin C,27.0,37,6026,4.0541,,0,0,0,0,0,0,0,0,0,0,0,0,0,0,0,0,0,0,1,0,0,0,0,0,0,0,0,0,0,0,0,0,0,0,0,0,0.61,10.96,
1163,Kiehl's Since 1851,Micro-Blur‚Ñ¢ Skin Perfector,35.0,38,7013,4.3684,1.0,0,0,0,0,0,0,0,0,0,0,0,0,0,0,0,0,1,0,0,0,0,0,0,0,0,0,0,0,0,0,0,0,0,0,0,0,0.54,11.5,35.0
1164,Perricone MD,Vitamin C Ester Brightening Amine Face Lift,99.0,365,3465,4.3534,2.0,0,0,0,0,0,0,0,0,0,0,0,0,0,0,0,0,1,0,0,0,0,0,0,0,0,0,0,0,0,0,0,0,0,0,0,0,10.53,1.19,49.5
1165,SEPHORA COLLECTION,3-in-1 Extractor,23.0,480,12871,3.8729,,0,0,0,0,0,1,0,0,0,0,0,0,0,0,0,0,0,0,0,0,0,0,0,0,0,0,0,0,0,0,0,0,0,0,0,0,3.73,0.81,
1166,NuFACE,Fix Line Smoothing Serum,49.0,1,360,5.0,0.5,0,1,0,0,0,0,0,0,0,0,0,0,0,0,0,0,0,0,0,0,0,0,0,0,0,0,0,0,0,0,0,0,0,0,0,0,0.28,500.0,98.0
1167,Origins,Dr. Andrew Weil For Origins‚Ñ¢ Mega-Bright Dark Spot Correcting Serum,59.0,30,3109,3.7333,1.0,1,0,0,0,0,0,0,0,0,0,0,0,0,0,0,0,1,0,0,0,0,0,0,0,0,0,0,0,0,0,0,0,0,0,0,0,0.96,12.44,59.0
1168,Proactiv,"Proactiv Solution 3-Step Acne Treatment System, 90 Day Size",80.0,14,256,3.2143,,0,0,0,0,0,0,0,0,0,0,0,0,0,0,0,0,0,0,0,0,0,0,0,0,0,0,0,0,0,0,0,0,0,0,0,1,5.47,22.96,
1169,Edible Beauty,Probiotic Radiance Tonic  Serum Calm and Restore,39.0,4,523,5.0,1.0,1,0,0,0,0,0,0,0,0,0,0,0,0,0,0,0,1,0,0,0,0,0,0,0,0,0,0,0,0,0,0,0,0,0,0,0,0.76,125.0,39.0
1170,BeautyBio,R45 The Reversal 3-Phase Retinol Booster System,150.0,16,1307,4.5625,,0,0,0,0,0,0,0,0,0,0,0,0,0,0,0,0,1,0,0,0,0,0,0,0,0,0,0,0,0,0,0,0,0,0,0,0,1.22,28.52,
1171,Blithe,Tundra Chaga Pressed Serum,49.0,56,6298,4.5536,1.68,0,0,0,0,0,0,0,0,0,0,0,0,0,0,0,0,1,0,0,0,0,0,0,0,0,0,0,0,0,0,0,0,0,0,0,0,0.89,8.13,29.17
1172,Edible Beauty,Deep Sea Collagen Elixir Serum Plump and Refine,43.0,7,587,4.4286,1.0,1,0,0,0,0,0,0,0,0,0,0,0,0,0,0,0,1,0,0,0,0,0,0,0,0,0,0,0,0,0,0,0,0,0,0,0,1.19,63.27,43.0
1173,Lancer,The Method: Cleanse Blemish Control,55.0,13,3625,4.3846,4.05,0,0,0,0,0,0,0,0,0,0,0,0,0,0,0,0,0,0,1,0,0,0,0,0,0,0,0,0,0,0,0,0,0,0,0,0,0.36,33.73,13.58
1174,CLINIQUE,Acne Solutions Clinical Clearing Kit,28.0,105,12331,4.0667,,0,0,0,0,0,0,0,0,0,0,0,0,0,0,0,0,0,0,0,0,0,0,0,0,0,0,0,0,0,0,0,0,0,0,0,1,0.85,3.87,
1175,Algenist,ELEVATE Advanced Lift Contouring Cream,96.0,32,1676,4.3438,2.0,0,1,0,0,0,0,0,0,0,0,0,0,0,0,0,0,0,0,0,0,0,0,0,0,0,0,0,0,0,0,0,0,0,0,0,0,1.91,13.57,48.0
1176,Skin Inc Supplement Bar,Pure Revival Peel,55.0,509,13748,4.2318,2.0,0,0,0,0,0,0,0,0,0,0,0,0,0,0,0,0,0,0,0,1,0,0,0,0,0,0,0,0,0,0,0,0,0,0,0,0,3.7,0.83,27.5
1178,Kiehl's Since 1851,Blue Herbal Spot Treatment,18.0,50,8373,4.14,0.5,0,0,0,0,0,1,0,0,0,0,0,0,0,0,0,0,0,0,0,0,0,0,0,0,0,0,0,0,0,0,0,0,0,0,0,0,0.6,8.28,36.0
1179,Dr. Brandt Skincare,pores no more¬Æ Mattifying Hydrator Pore Minimizing Gel,48.0,19,2338,4.2632,1.7,0,0,0,0,0,0,0,0,0,0,0,0,0,0,0,0,0,0,0,0,0,0,0,0,0,0,1,0,0,0,0,0,0,0,0,0,0.81,22.44,28.24
1180,GLAMGLOW,DREAMDUO‚Ñ¢ Overnight Transforming Treatment,59.0,357,32247,4.2157,,0,0,0,0,0,0,0,0,0,0,0,0,0,0,0,0,0,0,0,0,0,0,0,0,0,0,0,0,1,0,0,0,0,0,0,0,1.11,1.18,
1181,Dermalogica,Rapid Reveal Peel,85.0,1,246,5.0,,0,0,0,0,0,0,0,0,0,0,0,0,0,0,0,0,0,0,0,1,0,0,0,0,0,0,0,0,0,0,0,0,0,0,0,0,0.41,500.0,
1182,Dior,Hydra Life Deep Hydration Sorbet Water Essence,73.0,22,3550,4.5455,1.3,0,0,0,0,0,0,0,0,0,0,0,0,0,0,0,0,0,0,0,0,0,0,0,0,0,1,0,0,0,0,0,0,0,0,0,0,0.62,20.66,56.15
1183,Fresh,Cr√®me Ancienne¬Æ Supreme Face Serum,245.0,8,1682,4.75,1.0,0,0,0,0,0,0,0,0,0,0,0,0,0,0,0,0,1,0,0,0,0,0,0,0,0,0,0,0,0,0,0,0,0,0,0,0,0.48,59.38,245.0
1185,CLINIQUE,Acne Solutions Oil-Control Cleansing Mask,25.0,266,15066,4.4699,3.4,0,0,0,0,0,0,0,0,0,0,0,0,0,1,0,0,0,0,0,0,0,0,0,0,0,0,0,0,0,0,0,0,0,0,0,0,1.77,1.68,7.35
1186,Lancer,The Method: Nourish Blemish Control,125.0,8,1614,3.625,1.7,0,0,0,0,0,0,0,0,0,0,0,0,0,0,0,0,0,0,0,0,0,0,0,0,0,0,0,1,0,0,0,0,0,0,0,0,0.5,45.31,73.53
1187,CLINIQUE,Clinique Smart Treatment Oil,44.5,36,4055,4.6389,1.0,0,0,0,0,0,0,0,0,0,0,0,0,0,0,1,0,0,0,0,0,0,0,0,0,0,0,0,0,0,0,0,0,0,0,0,0,0.89,12.89,44.5
1188,Est√©e Lauder,Enlighten Dark Spot Correcting Night Serum,98.0,49,5711,3.9592,1.7,0,0,0,0,0,0,0,0,0,0,0,0,0,0,0,0,0,0,0,0,0,0,0,0,0,0,0,0,1,0,0,0,0,0,0,0,0.86,8.08,57.65
1189,Kate Somerville,EradiKate‚Ñ¢ Mask Foam-Activated Acne Treatment,54.0,159,12390,4.1132,2.0,0,0,0,0,0,1,0,0,0,0,0,0,0,0,0,0,0,0,0,0,0,0,0,0,0,0,0,0,0,0,0,0,0,0,0,0,1.28,2.59,27.0
1190,BECCA,Skin Love Glow Elixir,48.0,103,10061,4.3689,0.98,0,0,0,0,0,0,0,0,0,0,0,0,0,0,0,0,1,0,0,0,0,0,0,0,0,0,0,0,0,0,0,0,0,0,0,0,1.02,4.24,48.98
1191,Proactiv,"Proactiv+ 3-Step System, 30 Day Introductory Size",50.0,6,426,3.3333,,0,0,0,0,0,0,0,0,0,0,0,0,0,0,0,0,0,0,0,0,0,0,0,0,0,0,0,0,0,0,0,0,0,0,0,1,1.41,55.56,
1192,Dr. Brandt Skincare,Power Dose Vitamin C,69.0,21,3861,4.381,0.55,0,0,0,0,0,0,0,0,0,0,0,0,0,0,0,0,1,0,0,0,0,0,0,0,0,0,0,0,0,0,0,0,0,0,0,0,0.54,20.86,125.45
1193,NuFACE,Gel Primer 24K Gold Complex - Firm,39.0,17,1310,3.9412,2.0,0,0,0,0,0,0,0,0,0,0,0,0,0,0,0,0,1,0,0,0,0,0,0,0,0,0,0,0,0,0,0,0,0,0,0,0,1.3,23.18,19.5
1194,Perricone MD,H2 Elemental Energy Hydrating Booster Serum,100.0,10,3117,3.7,1.0,0,0,0,0,0,0,0,0,0,0,0,0,0,0,0,0,1,0,0,0,0,0,0,0,0,0,0,0,0,0,0,0,0,0,0,0,0.32,37.0,100.0
1195,Origins,Peace Of Mind‚Ñ¢ On-the-Spot Relief,14.0,71,4876,4.662,0.5,1,0,0,0,0,0,0,0,0,0,0,0,0,0,0,0,1,0,0,0,0,0,0,0,0,0,0,0,0,0,0,0,0,0,0,0,1.46,6.57,28.0
1196,Murad,Intensive-C¬Æ Radiance Peel ,58.0,155,14747,4.4839,1.7,0,0,0,0,0,0,0,0,0,0,0,0,0,0,0,0,0,0,0,1,0,0,0,0,0,0,0,0,0,0,0,0,0,0,0,0,1.05,2.89,34.12
1197,Kate Somerville,RetAsphere‚Ñ¢ Micro Peel,90.0,57,9096,4.6842,1.0,0,0,0,0,0,0,0,0,0,0,0,0,0,0,0,0,0,0,0,1,0,0,0,0,0,0,0,0,0,0,0,0,0,0,0,0,0.63,8.22,90.0
1198,DERMAdoctor,Kakadu C‚Ñ¢ Intensive Vitamin C Peel Pads with Ferulic Acid & Vitamin E,78.0,42,5949,4.7619,,0,0,0,0,0,0,0,0,0,0,0,0,0,0,0,0,0,0,0,1,0,0,0,0,0,0,0,0,0,0,0,0,0,0,0,0,0.71,11.34,
1199,bareMinerals,ETERNALIXIR‚Ñ¢ Skin-Volumizing Oil Serum,55.0,18,3918,4.4444,1.0,0,0,0,0,0,0,0,0,0,0,0,0,0,0,1,0,0,0,0,0,0,0,0,0,0,0,0,0,0,0,0,0,0,0,0,0,0.46,24.69,55.0
1200,CLINIQUE,Acne Solutions Cleansing Gel,21.0,59,3616,3.678,4.2,0,0,0,0,0,1,0,0,0,0,0,0,0,0,0,0,0,0,0,0,0,0,0,0,0,0,0,0,0,0,0,0,0,0,0,0,1.63,6.23,5.0
1201,Peter Thomas Roth,Acne Spot and Area Treatment,19.0,141,6689,4.0567,0.5,0,0,0,0,0,0,0,0,0,0,0,0,0,0,0,0,1,0,0,0,0,0,0,0,0,0,0,0,0,0,0,0,0,0,0,0,2.11,2.88,38.0
1202,Perricone MD,High Potency Classics: Firming Evening Repair,99.0,230,342,4.4174,2.0,0,0,0,0,0,0,0,0,0,0,0,0,0,0,0,0,0,0,0,0,0,0,0,0,0,0,0,0,1,0,0,0,0,0,0,0,67.25,1.92,49.5
1203,Peter Thomas Roth,FIRMx Growth Factor Extreme Neuropeptide Serum,150.0,112,2847,4.1607,1.0,0,1,0,0,0,0,0,0,0,0,0,0,0,0,0,0,0,0,0,0,0,0,0,0,0,0,0,0,0,0,0,0,0,0,0,0,3.93,3.71,150.0
1204,Algenist,Advanced Anti-Aging Repairing Oil,82.0,223,7261,4.4215,1.0,0,0,0,0,0,0,0,0,0,0,0,0,0,0,1,0,0,0,0,0,0,0,0,0,0,0,0,0,0,0,0,0,0,0,0,0,3.07,1.98,82.0
1205,Proactiv,Emergency Blemish Relief,20.0,8,1072,4.25,0.33,0,0,0,0,0,1,0,0,0,0,0,0,0,0,0,0,0,0,0,0,0,0,0,0,0,0,0,0,0,0,0,0,0,0,0,0,0.75,53.12,60.61
1206,tarte,Blemish Bully Acne Spot Treatment,16.0,80,8193,4.1125,0.33,0,0,0,0,0,1,0,0,0,0,0,0,0,0,0,0,0,0,0,0,0,0,0,0,0,0,0,0,0,0,0,0,0,0,0,0,0.98,5.14,48.48
1208,Clarins,Hydra-Essentiel Bi-Phase Serum,59.0,5,4200,4.8,1.0,0,0,0,0,0,0,0,0,0,0,0,0,0,0,0,0,1,0,0,0,0,0,0,0,0,0,0,0,0,0,0,0,0,0,0,0,0.12,96.0,59.0
1209,Algenist,GENIUS Ultimate Anti-Aging Bi-Phase Peel,85.0,91,6992,4.6484,1.69,0,1,0,0,0,0,0,0,0,0,0,0,0,0,0,0,0,0,0,0,0,0,0,0,0,0,0,0,0,0,0,0,0,0,0,0,1.3,5.11,50.3
1210,DERMAdoctor,Calm Cool & Corrected,85.0,275,4386,4.0145,1.7,0,0,0,0,0,1,0,0,0,0,0,0,0,0,0,0,0,0,0,0,0,0,0,0,0,0,0,0,0,0,0,0,0,0,0,0,6.27,1.46,50.0
1211,Shiseido,Bio-Performance LiftDynamic Serum,100.0,8,1663,3.875,1.0,0,0,0,0,0,0,0,0,0,0,0,0,0,0,0,0,1,0,0,0,0,0,0,0,0,0,0,0,0,0,0,0,0,0,0,0,0.48,48.44,100.0
1213,Jack Black,Power Peel Multi-Acid Resurfacing Pads,38.0,45,4334,4.5333,,0,0,0,0,0,0,0,0,0,0,0,0,0,0,0,0,0,0,0,0,0,0,0,0,0,0,1,0,0,0,0,0,0,0,0,0,1.04,10.07,
1214,Indie Lee,Stem Cell Serum,135.0,4,1307,4.75,1.0,1,0,0,0,0,0,0,0,0,0,0,0,0,0,0,0,1,0,0,0,0,0,0,0,0,0,0,0,0,0,0,0,0,0,0,0,0.31,118.75,135.0
1215,Murad,Sensitive Skin Soothing Serum,60.0,57,2956,4.2632,1.0,0,0,0,0,0,0,0,0,0,0,0,0,0,0,0,0,1,0,0,0,0,0,0,0,0,0,0,0,0,0,0,0,0,0,0,0,1.93,7.48,60.0
1216,Skin Inc Supplement Bar,Licorice Serum CALM IRRITATED SKIN,35.0,19,4620,3.8421,0.34,0,0,0,0,0,0,0,0,0,0,0,0,0,0,0,0,1,0,0,0,0,0,0,0,0,0,0,0,0,0,0,0,0,0,0,0,0.41,20.22,102.94
1217,belif,Hydra Sebum Control Essence,42.0,57,7768,4.2807,1.68,0,0,0,0,0,1,0,0,0,0,0,0,0,0,0,0,0,0,0,0,0,0,0,0,0,0,0,0,0,0,0,0,0,0,0,0,0.73,7.51,25.0
1218,Kate Somerville,DermalQuench Liquid Lift‚Ñ¢ Advanced Wrinkle Treatment ,95.0,117,5723,3.6581,2.5,0,0,0,0,0,0,0,0,0,0,0,0,0,0,0,0,1,0,0,0,0,0,0,0,0,0,0,0,0,0,0,0,0,0,0,0,2.04,3.13,38.0
1219,Dr. Brandt Skincare,2% Retinol Complex Serum,69.0,74,11068,3.7162,1.0,0,0,0,0,0,0,0,0,0,0,0,0,0,0,0,0,1,0,0,0,0,0,0,0,0,0,0,0,0,0,0,0,0,0,0,0,0.67,5.02,69.0
1220,Dr Roebuck's,True Blue Hydrating Serum,60.0,17,1181,4.5882,1.0,1,0,0,0,0,0,0,0,0,0,0,0,0,0,0,0,1,0,0,0,0,0,0,0,0,0,0,0,0,0,0,0,0,0,0,0,1.44,26.99,60.0
1221,Origins,A Perfect World‚Ñ¢ Age-Defense Skin Guardian with White Tea,61.0,80,4797,4.375,1.7,1,0,0,0,0,0,0,0,0,0,0,0,0,0,0,0,1,0,0,0,0,0,0,0,0,0,0,0,0,0,0,0,0,0,0,0,1.67,5.47,35.88
1222,First Aid Beauty,Anti-Redness Serum,36.0,488,13118,3.377,1.7,0,0,0,0,0,0,0,0,0,0,0,0,0,0,0,0,1,0,0,0,0,0,0,0,0,0,0,0,0,0,0,0,0,0,0,0,3.72,0.69,21.18
1223,Lancer,Intensive Night Treatment with Hylaplex¬Æ and Marula Oil,155.0,7,1412,4.2857,1.7,0,0,0,0,0,0,0,0,0,0,0,0,0,0,0,0,0,0,0,0,0,0,0,0,0,0,0,0,1,0,0,0,0,0,0,0,0.5,61.22,91.18
1224,CLINIQUE,Acne Solutions Clearing Concealer,18.5,585,15133,3.5641,0.34,0,0,0,0,0,1,0,0,0,0,0,0,0,0,0,0,0,0,0,0,0,0,0,0,0,0,0,0,0,0,0,0,0,0,0,0,3.87,0.61,54.41
1225,Fresh,Seaberry Skin Nutrition Booster,47.0,107,12722,4.5234,0.5,0,0,0,0,0,0,0,0,0,0,0,0,0,0,0,0,1,0,0,0,0,0,0,0,0,0,0,0,0,0,0,0,0,0,0,0,0.84,4.23,94.0
1226,StackedSkincare,EGF Activating Serum,150.0,4,238,4.5,1.0,0,0,0,0,0,0,0,0,0,0,0,0,0,0,0,0,1,0,0,0,0,0,0,0,0,0,0,0,0,0,0,0,0,0,0,0,1.68,112.5,150.0
1227,Proactiv,Blackhead Dissolving Gel,35.0,3,2216,4.3333,1.0,0,0,0,0,0,0,0,0,0,0,0,0,0,0,0,0,1,0,0,0,0,0,0,0,0,0,0,0,0,0,0,0,0,0,0,0,0.14,144.44,35.0
1228,Kiehl's Since 1851,Breakout Control Targeted Acne Spot Treatment,28.0,31,5096,3.8065,0.68,0,0,0,0,0,1,0,0,0,0,0,0,0,0,0,0,0,0,0,0,0,0,0,0,0,0,0,0,0,0,0,0,0,0,0,0,0.61,12.28,41.18
1229,philosophy,Renewed Hope in a Jar Peeling Mousse Instant Glow Facial,35.0,129,794,4.1628,2.5,0,1,0,0,0,0,0,0,0,0,0,0,0,0,0,0,0,0,0,0,0,0,0,0,0,0,0,0,0,0,0,0,0,0,0,0,16.25,3.23,14.0
1230,boscia,Pore Purifying Charcoal Strips,28.0,654,17714,3.4725,,1,0,0,0,0,1,0,0,0,0,0,0,0,0,0,0,0,0,0,0,0,0,0,0,0,0,0,0,0,0,0,0,0,0,0,0,3.69,0.53,
1231,Smashbox,Photo Finish Mattify Primer Stick,32.0,82,7371,4.0732,0.31,0,0,0,0,0,0,0,0,0,0,0,0,0,0,0,1,0,0,0,0,0,0,0,0,0,0,0,0,0,0,0,0,0,0,0,0,1.11,4.97,103.23
1232,Clarins,Mission Perfection Serum,74.0,47,3109,4.0851,1.0,0,0,0,0,0,0,0,0,0,0,0,0,0,0,0,0,1,0,0,0,0,0,0,0,0,0,0,0,0,0,0,0,0,0,0,0,1.51,8.69,74.0
1233,Jack Black,Line Smoother Oil-Free Moisturizer,32.0,40,2362,4.45,3.3,0,0,0,0,0,0,0,0,0,0,0,0,0,0,0,0,0,0,0,0,0,0,0,0,0,0,0,1,0,0,0,0,0,0,0,0,1.69,11.12,9.7
1234,Anthony,Glycolic Facial Cleanser,28.0,221,4128,4.3937,8.0,0,0,0,0,0,0,0,0,0,0,0,0,0,0,0,0,0,0,1,0,0,0,0,0,0,0,0,0,0,0,0,0,0,0,0,0,5.35,1.99,3.5
1235,Lanc√¥me,Visionnaire Crescendo‚Ñ¢ Progressive Night Peel,75.0,319,4643,4.3009,,0,0,0,0,0,0,0,0,0,0,0,0,0,0,0,0,0,0,0,1,0,0,0,0,0,0,0,0,0,0,0,0,0,0,0,0,6.87,1.35,
1236,Dr. Brandt Skincare,pores no more¬Æ multi-performance stick,35.0,98,6429,3.6327,0.5,0,0,0,0,0,0,0,0,0,0,0,0,0,0,0,1,0,0,0,0,0,0,0,0,0,0,0,0,0,0,0,0,0,0,0,0,1.52,3.71,70.0
1237,Kiehl's Since 1851,Blue Herbal Acne Cleanser Treatment,22.0,26,2482,3.6154,5.0,0,0,0,0,0,1,0,0,0,0,0,0,0,0,0,0,0,0,0,0,0,0,0,0,0,0,0,0,0,0,0,0,0,0,0,0,1.05,13.91,4.4
1238,Erno Laszlo,White Marble Dual Phase Vitamin C Peel,100.0,1000,4232,4.7247,,0,0,0,0,0,0,0,0,0,0,0,0,0,0,0,0,0,0,0,1,0,0,0,0,0,0,0,0,0,0,0,0,0,0,0,0,23.63,0.47,
1239,Perricone MD,Vitamin C Ester Brightening Overnight Treatment,99.0,322,4810,4.4938,2.0,0,0,0,0,0,0,0,0,0,0,0,0,0,0,0,0,1,0,0,0,0,0,0,0,0,0,0,0,0,0,0,0,0,0,0,0,6.69,1.4,49.5
1240,Perricone MD,High Potency Classics: Face Firming Serum,99.0,330,2344,4.0788,2.0,0,0,0,0,0,0,0,0,0,0,0,0,0,0,0,0,1,0,0,0,0,0,0,0,0,0,0,0,0,0,0,0,0,0,0,0,14.08,1.24,49.5
1241,Skin Inc Supplement Bar,My Daily Dose of Glow,65.0,12,3244,5.0,0.68,0,0,0,0,0,0,0,0,0,0,0,0,0,0,0,0,1,0,0,0,0,0,0,0,0,0,0,0,0,0,0,0,0,0,0,0,0.37,41.67,95.59
1242,Lancer,Advanced C Radiance Cream with Vitamin C Collagen Cofactor 10x,85.0,21,2668,3.9524,1.7,0,0,0,0,0,0,0,0,0,0,0,0,0,0,0,0,1,0,0,0,0,0,0,0,0,0,0,0,0,0,0,0,0,0,0,0,0.79,18.82,50.0
1243,Lanc√¥me,Visionnaire Skin Solutions 15% Pure Vitamin C Correcting Concentrate,65.0,935,335,4.3144,,0,0,0,0,0,0,0,0,0,0,0,0,0,0,0,0,1,0,0,0,0,0,0,0,0,0,0,0,0,0,0,0,0,0,0,0,279.1,0.46,
1244,Dr. Brandt Skincare,Do Not Age with Dr. Brandt Transforming Pearl Serum,152.0,49,2350,4.3061,1.35,0,0,0,0,0,0,0,0,0,0,0,0,0,0,0,0,1,0,0,0,0,0,0,0,0,0,0,0,0,0,0,0,0,0,0,0,2.09,8.79,112.59
1245,Lancer,Dani Glowing Skin Perfector,95.0,48,1708,3.375,1.0,0,0,0,0,0,0,0,0,0,0,0,0,0,0,0,0,1,0,0,0,0,0,0,0,0,0,0,0,0,0,0,0,0,0,0,0,2.81,7.03,95.0
1246,bareMinerals,BRILLIANT FUTURE‚Ñ¢ Age Defense & Renew Serum,55.0,12,3104,4.25,1.0,0,0,0,0,0,0,0,0,0,0,0,0,0,0,0,0,1,0,0,0,0,0,0,0,0,0,0,0,0,0,0,0,0,0,0,0,0.39,35.42,55.0
1247,boscia,Clear Complexion Willow Bark Spot Treatment,18.0,656,10725,3.8125,0.14,1,0,0,0,0,1,0,0,0,0,0,0,0,0,0,0,0,0,0,0,0,0,0,0,0,0,0,0,0,0,0,0,0,0,0,0,6.12,0.58,128.57
1248,Est√©e Lauder,Perfectionist Pro Instant Wrinkle Filler Tri-Polymer Blend,54.0,3,882,3.6667,0.5,0,1,0,0,0,0,0,0,0,0,0,0,0,0,0,0,0,0,0,0,0,0,0,0,0,0,0,0,0,0,0,0,0,0,0,0,0.34,122.22,108.0
1249,Lancer,Retexturizing Treatment Cream with Glycolic Acid 10x,85.0,45,5370,4.4889,1.7,0,0,0,0,0,0,0,0,0,0,0,0,0,0,0,0,1,0,0,0,0,0,0,0,0,0,0,0,0,0,0,0,0,0,0,0,0.84,9.98,50.0
1250,Guerlain,Orchid√©e Imp√©riale The Gel Cream,335.0,1,390,5.0,1.0,0,0,0,0,0,0,0,0,0,0,0,0,0,0,0,0,1,0,0,0,0,0,0,0,0,0,0,0,0,0,0,0,0,0,0,0,0.26,500.0,335.0
1251,Omorovicza,Silver Skin Savior Salicylic/Glycolic Acid Treatment,95.0,6,1884,5.0,1.7,1,0,0,0,0,0,0,0,0,0,0,0,0,0,0,0,0,0,0,1,0,0,0,0,0,0,0,0,0,0,0,0,0,0,0,0,0.32,83.33,55.88
1252,Perricone MD,Skin Clear Dietary Supplements,95.0,81,2859,3.9136,,0,0,0,0,1,0,0,0,0,0,0,0,0,0,0,0,0,0,0,0,0,0,0,0,0,0,0,0,0,0,0,0,0,0,0,0,2.83,4.83,
1253,Murad,MattEffect Blotting Perfector,39.0,122,8656,4.082,0.4,0,0,0,0,0,0,1,0,0,0,0,0,0,0,0,0,0,0,0,0,0,0,0,0,0,0,0,0,0,0,0,0,0,0,0,0,1.41,3.35,97.5
1254,Dermalogica,Breakout Clearing All Over Toner,19.5,2,292,4.5,4.0,0,0,0,0,0,0,0,0,0,0,0,0,0,0,0,0,0,0,0,0,0,0,0,0,0,0,0,0,0,0,0,0,0,1,0,0,0.68,225.0,4.88
1255,Skin Inc Supplement Bar,Hyaluronic Acid Serum LONG-LASTING HYDRATION,35.0,47,6647,3.8298,0.34,0,0,0,0,0,0,0,0,0,0,0,0,0,0,0,0,1,0,0,0,0,0,0,0,0,0,0,0,0,0,0,0,0,0,0,0,0.71,8.15,102.94
1256,Anthony,Glycolic Exfoliating & Resurfacing Wipes,18.0,58,5243,4.569,,0,0,0,0,0,0,0,0,0,0,0,0,0,0,0,0,0,0,0,1,0,0,0,0,0,0,0,0,0,0,0,0,0,0,0,0,1.11,7.88,
1257,HUM Nutrition,Flawless + Fearless Breakout Control Kit,29.0,19,5993,3.6842,,0,0,0,0,0,1,0,0,0,0,0,0,0,0,0,0,0,0,0,0,0,0,0,0,0,0,0,0,0,0,0,0,0,0,0,0,0.32,19.39,
1258,SK-II,Facial Treatment Oil,150.0,129,3097,4.4884,,0,0,0,0,0,0,0,0,0,0,0,0,0,0,1,0,0,0,0,0,0,0,0,0,0,0,0,0,0,0,0,0,0,0,0,0,4.17,3.48,
1259,boscia,Charcoal Deep-Pore Exfoliating Peel Gel with volcanic sand,34.0,182,14756,3.0275,5.0,1,0,0,0,0,0,0,0,0,0,0,0,0,1,0,0,0,0,0,0,0,0,0,0,0,0,0,0,0,0,0,0,0,0,0,0,1.23,1.66,6.8
1260,Proactiv,Repairing Treatment,42.0,2,275,4.0,2.0,0,0,0,0,0,0,0,0,0,0,0,0,0,0,0,0,1,0,0,0,0,0,0,0,0,0,0,0,0,0,0,0,0,0,0,0,0.73,200.0,21.0
1261,Omorovicza,Copper Peel,160.0,37,4616,4.4595,,1,0,0,0,0,0,0,0,0,0,0,0,0,0,0,0,0,0,0,1,0,0,0,0,0,0,0,0,0,0,0,0,0,0,0,0,0.8,12.05,
1262,Shiseido,Bio-Performance Glow Revival Serum,95.0,36,3199,4.1944,1.0,0,0,0,0,0,0,0,0,0,0,0,0,0,0,0,0,1,0,0,0,0,0,0,0,0,0,0,0,0,0,0,0,0,0,0,0,1.13,11.65,95.0
1263,CLINIQUE,Pore Refining Solutions Correcting Serum,48.0,400,8276,3.86,1.0,0,0,0,0,0,0,0,0,0,0,0,0,0,0,0,0,1,0,0,0,0,0,0,0,0,0,0,0,0,0,0,0,0,0,0,0,4.83,0.96,48.0
1264,Kate Somerville,DermalQuench Liquid Lift‚Ñ¢ + Retinol Advanced Resurfacing Treatment,98.0,64,6688,4.125,2.5,0,0,0,0,0,0,0,0,0,0,0,0,0,0,0,0,1,0,0,0,0,0,0,0,0,0,0,0,0,0,0,0,0,0,0,0,0.96,6.45,39.2
1265,Kiehl's Since 1851,Precision Lifting & Pore-Tightening Concentrate,85.0,11,1947,3.0,2.5,0,0,0,0,0,0,0,0,0,0,0,0,0,0,0,0,1,0,0,0,0,0,0,0,0,0,0,0,0,0,0,0,0,0,0,0,0.56,27.27,34.0
1266,Lanc√¥me,Visionnaire Skin Solutions Pure 0.2% Retinol Correcting Night Concentrate,75.0,212,220,4.4292,1.0,0,0,0,0,0,0,0,0,0,0,0,0,0,0,0,0,1,0,0,0,0,0,0,0,0,0,0,0,0,0,0,0,0,0,0,0,96.36,2.09,75.0
1267,Bobbi Brown,Intensive Skin Supplement Serum,77.0,52,3366,4.1731,1.0,0,0,0,0,0,0,0,0,0,0,0,0,0,0,0,0,1,0,0,0,0,0,0,0,0,0,0,0,0,0,0,0,0,0,0,0,1.54,8.03,77.0
1268,DERMAdoctor,Ain‚Äôt Misbehavin‚Äô Medicated Acne Control Serum,48.0,261,3866,4.0728,,0,0,0,0,0,0,0,0,0,0,0,0,0,0,0,0,1,0,0,0,0,0,0,0,0,0,0,0,0,0,0,0,0,0,0,0,6.75,1.56,
1269,Moon Juice,Beauty Shroom‚Ñ¢ Exfoliating Acid Potion,39.0,129,9945,4.814,3.3,0,0,0,0,0,0,0,0,0,0,0,0,0,0,0,0,0,0,0,1,0,0,0,0,0,0,0,0,0,0,0,0,0,0,0,0,1.3,3.73,11.82
1270,Dior,Diorsnow Brightening Refining Moist Cloud Cr√®me,125.0,10,2097,4.8,1.7,0,0,0,0,0,0,0,0,0,0,0,0,0,0,0,0,1,0,0,0,0,0,0,0,0,0,0,0,0,0,0,0,0,0,0,0,0.48,48.0,73.53
1271,Kate Somerville,Dermal Quench Wrinkle Warrior,98.0,3,467,4.6667,2.5,0,0,0,0,0,0,0,0,0,0,0,0,0,0,0,0,1,0,0,0,0,0,0,0,0,0,0,0,0,0,0,0,0,0,0,0,0.64,155.56,39.2
1272,Clarins,Lotus Face Treatment Oil,59.0,122,5888,4.3361,1.0,0,0,0,0,0,0,0,0,0,0,0,0,0,0,1,0,0,0,0,0,0,0,0,0,0,0,0,0,0,0,0,0,0,0,0,0,2.07,3.55,59.0
1273,Caudalie,Polyphenol C15 Anti-Wrinkle Defense Serum,62.0,110,2357,4.1545,1.0,0,0,0,0,0,0,0,0,0,0,0,0,0,0,0,0,1,0,0,0,0,0,0,0,0,0,0,0,0,0,0,0,0,0,0,0,4.67,3.78,62.0
1274,Murad,Complete Reform,78.0,82,5327,4.5,,0,0,0,0,0,0,0,0,0,0,0,0,0,0,0,0,1,0,0,0,0,0,0,0,0,0,0,0,0,0,0,0,0,0,0,0,1.54,5.49,
1275,Algenist,Concentrated Reconstructing Serum,98.0,293,5030,4.2082,1.0,0,0,0,0,0,0,0,0,0,0,0,0,0,0,0,0,1,0,0,0,0,0,0,0,0,0,0,0,0,0,0,0,0,0,0,0,5.83,1.44,98.0
1276,Origins,Plantscription‚Ñ¢ Youth-Renewing Face Oil,55.0,43,5059,4.6279,,1,0,0,0,0,0,0,0,0,0,0,0,0,0,1,0,0,0,0,0,0,0,0,0,0,0,0,0,0,0,0,0,0,0,0,0,0.85,10.76,
1278,Dermalogica,Blackhead Clearing Fizz Mask,21.0,3,415,3.6667,1.7,0,0,0,0,0,0,0,0,0,0,0,0,0,1,0,0,0,0,0,0,0,0,0,0,0,0,0,0,0,0,0,0,0,0,0,0,0.72,122.22,12.35
1279,Skin Inc Supplement Bar,Vitamin C Serum REBALANCE & TACKLE PORES,35.0,27,6519,3.5926,0.34,0,0,0,0,0,0,0,0,0,0,0,0,0,0,0,0,1,0,0,0,0,0,0,0,0,0,0,0,0,0,0,0,0,0,0,0,0.41,13.31,102.94
1280,Dr. Brandt Skincare,MAGNETIGHT Age-Defier‚Ñ¢ Mask,75.0,272,18403,3.9338,3.0,0,0,0,0,0,0,0,0,0,0,0,0,0,1,0,0,0,0,0,0,0,0,0,0,0,0,0,0,0,0,0,0,0,0,0,0,1.48,1.45,25.0
1281,Guerlain,Super Aqua-Serum,180.0,25,1262,4.12,1.6,0,0,0,0,0,0,0,0,0,0,0,0,0,0,0,0,1,0,0,0,0,0,0,0,0,0,0,0,0,0,0,0,0,0,0,0,1.98,16.48,112.5
1282,Guerlain,Super Aqua-Cr√®me Day Gel,135.0,3,455,3.6667,1.6,0,0,0,0,0,0,0,0,0,0,0,0,0,0,0,0,0,0,0,0,0,0,0,0,0,0,1,0,0,0,0,0,0,0,0,0,0.66,122.22,84.38
1284,J.One,Red Jelly Pack,42.0,21,4133,4.1905,1.69,0,0,0,0,0,0,0,0,0,0,0,0,0,0,0,0,1,0,0,0,0,0,0,0,0,0,0,0,0,0,0,0,0,0,0,0,0.51,19.95,24.85
1286,Obagi Clinical,Kinetin+ Rejuvenating Serum,95.0,111,2255,4.1171,1.0,0,0,0,0,0,0,0,0,0,0,0,0,0,0,0,0,1,0,0,0,0,0,0,0,0,0,0,0,0,0,0,0,0,0,0,0,4.92,3.71,95.0
1287,Skin Inc Supplement Bar,My Daily Dose of Vitamins,65.0,18,4380,4.2222,0.68,0,0,0,0,0,0,0,0,0,0,0,0,0,0,0,0,1,0,0,0,0,0,0,0,0,0,0,0,0,0,0,0,0,0,0,0,0.41,23.46,95.59
1289,Blithe,Gold Apricot Pressed Serum,49.0,15,1920,4.3333,1.68,0,0,0,0,0,0,0,0,0,0,0,0,0,0,0,0,1,0,0,0,0,0,0,0,0,0,0,0,0,0,0,0,0,0,0,0,0.78,28.89,29.17
1290,LANEIGE,Mini Pore Blur Perfector,32.0,27,3339,3.8148,1.3,0,0,0,0,0,0,0,0,0,0,0,0,0,0,0,1,0,0,0,0,0,0,0,0,0,0,0,0,0,0,0,0,0,0,0,0,0.81,14.13,24.62
1292,Tata Harper,Clarifying Spot Solution,35.0,37,3270,3.4054,,1,0,0,0,0,1,0,0,0,0,0,0,0,0,0,0,0,0,0,0,0,0,0,0,0,0,0,0,0,0,0,0,0,0,0,0,1.13,9.2,
1293,Dermalogica,Breakout Clearing Booster,21.0,5,227,4.2,1.0,0,0,0,0,0,1,0,0,0,0,0,0,0,0,0,0,0,0,0,0,0,0,0,0,0,0,0,0,0,0,0,0,0,0,0,0,2.2,84.0,21.0
1294,Skin Inc Supplement Bar,Vitamin B3+ Niacinamide Serum RESCUE TROUBLED SKIN,35.0,21,6718,3.381,0.34,0,0,0,0,0,1,0,0,0,0,0,0,0,0,0,0,0,0,0,0,0,0,0,0,0,0,0,0,0,0,0,0,0,0,0,0,0.31,16.1,102.94
1295,Skin Inc Supplement Bar,Collagen Serum ELASTICITY & SUPPLENESS,35.0,12,2728,3.75,0.34,0,0,0,0,0,0,0,0,0,0,0,0,0,0,0,0,1,0,0,0,0,0,0,0,0,0,0,0,0,0,0,0,0,0,0,0,0.44,31.25,102.94
1296,Mario Badescu,Silver Powder,12.0,7,1403,4.2857,1.0,0,0,0,0,0,0,0,0,0,0,0,0,0,0,0,0,1,0,0,0,0,0,0,0,0,0,0,0,0,0,0,0,0,0,0,0,0.5,61.22,12.0
1297,philosophy,Help Me,49.0,1000,20485,4.3627,1.05,0,0,0,0,0,0,0,0,0,0,0,0,0,0,0,0,1,0,0,0,0,0,0,0,0,0,0,0,0,0,0,0,0,0,0,0,4.88,0.44,46.67
1298,Omorovicza,Rose Lifting Serum,150.0,5,1372,4.2,1.0,1,0,0,0,0,0,0,0,0,0,0,0,0,0,0,0,1,0,0,0,0,0,0,0,0,0,0,0,0,0,0,0,0,0,0,0,0.36,84.0,150.0
1299,Kiehl's Since 1851,Breakout Control Acne Treatment Facial Lotion,48.0,4,1630,4.0,2.0,0,0,0,0,0,1,0,0,0,0,0,0,0,0,0,0,0,0,0,0,0,0,0,0,0,0,0,0,0,0,0,0,0,0,0,0,0.25,100.0,24.0
1300,Alpha-H,Beauty Sleep Power Peel,129.0,1,223,5.0,1.69,0,0,0,0,0,0,0,0,0,0,0,0,0,0,0,0,0,0,0,1,0,0,0,0,0,0,0,0,0,0,0,0,0,0,0,0,0.45,500.0,76.33
1301,Edible Beauty,Glowing Skin Smoothie Serum Protect and Smooth,39.0,3,418,5.0,1.0,1,0,0,0,0,0,0,0,0,0,0,0,0,0,0,0,1,0,0,0,0,0,0,0,0,0,0,0,0,0,0,0,0,0,0,0,0.72,166.67,39.0
1302,DERMAdoctor,POETRY in Lotion¬Æ,75.0,184,1986,4.3533,1.0,0,0,0,0,0,0,0,0,0,0,0,0,0,0,0,0,0,0,0,0,0,0,0,0,0,0,1,0,0,0,0,0,0,0,0,0,9.26,2.37,75.0
1303,Skin Laundry,Brightening Serum with Glycolic Acid,50.0,31,6299,4.1935,1.0,0,0,0,0,0,0,0,0,0,0,0,0,0,0,0,0,1,0,0,0,0,0,0,0,0,0,0,0,0,0,0,0,0,0,0,0,0.49,13.53,50.0
1304,DERMAdoctor,Wrinkle Revenge¬Æ Ultimate Hyaluronic Serum,68.0,76,2068,4.0263,,0,1,0,0,0,0,0,0,0,0,0,0,0,0,0,0,0,0,0,0,0,0,0,0,0,0,0,0,0,0,0,0,0,0,0,0,3.68,5.3,
1305,Fresh,Umbrian Clay Mattifying Serum,38.0,95,5258,3.6947,1.0,0,0,0,0,0,0,0,0,0,0,0,0,0,0,0,0,1,0,0,0,0,0,0,0,0,0,0,0,0,0,0,0,0,0,0,0,1.81,3.89,38.0
1306,Skin Inc Supplement Bar,Ceramide Serum STRENGTHEN & SOOTHE,35.0,14,3658,4.1429,0.34,0,0,0,0,0,0,0,0,0,0,0,0,0,0,0,0,0,0,0,0,0,0,0,0,0,0,1,0,0,0,0,0,0,0,0,0,0.38,29.59,102.94
1307,Algenist,Genius White Brightening Anti-Aging Emulsion,75.0,9,1287,3.7778,3.3,0,0,0,0,0,0,0,0,0,0,0,0,0,0,0,0,0,0,0,0,0,0,0,0,0,0,0,0,0,0,0,0,0,1,0,0,0.7,41.98,22.73
1308,Perricone MD,No:Rinse Exfoliating Peel,45.0,184,2973,4.2065,2.0,0,0,0,0,0,0,0,0,0,0,0,0,0,0,0,0,0,0,0,1,0,0,0,0,0,0,0,0,0,0,0,0,0,0,0,0,6.19,2.29,22.5
1309,Erborian,Yuza Sorbet Night Reinforced Nighttime Emulsion,55.0,17,3671,4.4118,1.7,0,0,0,0,0,0,0,0,0,0,0,0,0,0,0,0,0,0,0,0,0,0,0,0,0,0,0,0,1,0,0,0,0,0,0,0,0.46,25.95,32.35
1310,Perricone MD,No:Rinse DMAE Firming Pads,80.0,180,1701,4.2611,,0,0,0,0,0,0,0,0,0,0,0,0,0,0,0,0,1,0,0,0,0,0,0,0,0,0,0,0,0,0,0,0,0,0,0,0,10.58,2.37,
1311,Mario Badescu,Herbal Hydrating Serum,30.0,3,1153,5.0,1.0,0,0,0,0,0,0,0,0,0,0,0,0,0,0,0,0,1,0,0,0,0,0,0,0,0,0,0,0,0,0,0,0,0,0,0,0,0.26,166.67,30.0
1312,Eve Lom,Time Retreat Radiance Boost Treatment,95.0,4,898,4.75,1.0,0,0,0,0,0,0,0,0,0,0,0,0,0,0,0,0,1,0,0,0,0,0,0,0,0,0,0,0,0,0,0,0,0,0,0,0,0.45,118.75,95.0
1313,Lancer,Corrective Lightening Treatment,125.0,185,203,4.1892,1.0,0,0,0,0,0,0,0,0,0,0,0,0,0,0,0,0,1,0,0,0,0,0,0,0,0,0,0,0,0,0,0,0,0,0,0,0,91.13,2.26,125.0
1314,Omorovicza,Daily Vitamin C,150.0,2,449,3.0,,1,0,0,0,0,0,0,0,0,0,0,0,0,0,0,0,1,0,0,0,0,0,0,0,0,0,0,0,0,0,0,0,0,0,0,0,0.45,150.0,
1315,Dr. Dennis Gross Skincare,Clinical Concentrate Radiance Booster‚Ñ¢ ,68.0,44,4421,3.95449999999999,1.0,0,0,0,0,0,0,0,0,0,0,0,0,0,0,0,0,1,0,0,0,0,0,0,0,0,0,0,0,0,0,0,0,0,0,0,0,1.0,8.99,68.0
1316,REN Clean Skincare,Rose O12 Moisture Defence Oil,80.0,96,1925,4.3542,1.02,0,0,0,0,0,0,0,0,0,0,0,0,0,0,1,0,0,0,0,0,0,0,0,0,0,0,0,0,0,0,0,0,0,0,0,0,4.99,4.54,78.43
1317,REN Clean Skincare,Flash Rinse 1 Minute Facial,48.0,174,6368,3.8966,2.5,1,0,0,0,0,0,0,0,0,0,0,0,0,0,0,0,1,0,0,0,0,0,0,0,0,0,0,0,0,0,0,0,0,0,0,0,2.73,2.24,19.2
1318,Indie Lee,Banish Stick,28.0,30,2788,3.7667,0.34,1,0,0,0,0,1,0,0,0,0,0,0,0,0,0,0,0,0,0,0,0,0,0,0,0,0,0,0,0,0,0,0,0,0,0,0,1.08,12.56,82.35
1319,Dior,Diorsnow Essence of Light Pure Concentrate of Light Brightening Milk Serum,140.0,8,2286,4.5,1.0,0,0,0,0,0,0,0,0,0,0,0,0,0,0,0,0,1,0,0,0,0,0,0,0,0,0,0,0,0,0,0,0,0,0,0,0,0.35,56.25,140.0
1320,Skin Inc Supplement Bar,Coenzyme Q10 Serum ENERGIZE & RENEW,35.0,2,1960,4.0,0.34,0,0,0,0,0,0,0,0,0,0,0,0,0,0,0,0,1,0,0,0,0,0,0,0,0,0,0,0,0,0,0,0,0,0,0,0,0.1,200.0,102.94
1321,Kate Somerville,Tight'N‚Ñ¢ Cryogenic Tightening Gel,98.0,135,2783,4.037,3.75,0,1,0,0,0,0,0,0,0,0,0,0,0,0,0,0,0,0,0,0,0,0,0,0,0,0,0,0,0,0,0,0,0,0,0,0,4.85,2.99,26.13
1322,DERMAdoctor,Photo Dynamic Therapy¬Æ 3‚Äìin‚Äì1  Facial Lotion With Broad Spectrum SPF 30,85.0,143,1493,3.9091,1.0,0,0,0,0,0,0,0,0,0,0,0,0,0,0,0,0,1,0,0,0,0,0,0,0,0,0,0,0,0,0,0,0,0,0,0,0,9.58,2.73,85.0
1323,philosophy,Renewed Hope in A Jar Renewing Dew Concentrate,45.0,16,651,4.25,1.0,0,1,0,0,0,0,0,0,0,0,0,0,0,0,0,0,0,0,0,0,0,0,0,0,0,0,0,0,0,0,0,0,0,0,0,0,2.46,26.56,45.0
1324,COVER FX,Super Power Antioxidant Booster Drops,45.0,5,520,4.8,1.0,1,0,0,0,0,0,0,0,0,0,0,0,0,0,0,0,1,0,0,0,0,0,0,0,0,0,0,0,0,0,0,0,0,0,0,0,0.96,96.0,45.0
1325,Skin Inc Supplement Bar,French Pine Bark Serum ANTIOXIDANT PROTECTION,35.0,9,2254,4.3333,0.34,0,0,0,0,0,0,0,0,0,0,0,0,0,0,0,0,1,0,0,0,0,0,0,0,0,0,0,0,0,0,0,0,0,0,0,0,0.4,48.15,102.94
1326,Volition Beauty,Eucalyptus Stretch Mark Minimizer,48.0,8,2656,3.5,3.6,1,0,0,0,0,1,0,0,0,0,0,0,0,0,0,0,0,0,0,0,0,0,0,0,0,0,0,0,0,0,0,0,0,0,0,0,0.3,43.75,13.33
1327,Est√©e Lauder,Perfectionist Pro Instant Resurfacing Peel,75.0,4,323,4.5,,0,0,0,0,0,0,0,0,0,0,0,0,0,0,0,0,0,0,0,1,0,0,0,0,0,0,0,0,0,0,0,0,0,0,0,0,1.24,112.5,
1328,Eve Lom,Age Defying Smoothing Treatment,150.0,5,1021,4.2,,0,0,0,0,0,0,0,0,0,0,0,0,0,0,0,0,1,0,0,0,0,0,0,0,0,0,0,0,0,0,0,0,0,0,0,0,0.49,84.0,
1329,Blithe,Crystal Iceplant Pressed Serum,49.0,32,5154,4.3125,1.68,0,0,0,0,0,0,0,0,0,0,0,0,0,0,0,0,1,0,0,0,0,0,0,0,0,0,0,0,0,0,0,0,0,0,0,0,0.62,13.48,29.17
1330,Erborian,Yuza Sorbet Featherweight Emulsion,48.0,20,2140,4.35,1.7,0,0,0,0,0,0,0,0,0,0,0,0,0,0,0,0,0,0,0,0,0,0,0,0,0,0,1,0,0,0,0,0,0,0,0,0,0.93,21.75,28.24
1331,BIOEFFECT,EGF Day Serum,145.0,10,623,4.2,1.01,0,0,0,0,0,0,0,0,0,0,0,0,0,0,0,0,1,0,0,0,0,0,0,0,0,0,0,0,0,0,0,0,0,0,0,0,1.61,42.0,143.56
1332,Alpha-H,Vitamin B Serum,70.0,1,158,5.0,0.85,0,0,0,0,0,0,0,0,0,0,0,0,0,0,0,0,1,0,0,0,0,0,0,0,0,0,0,0,0,0,0,0,0,0,0,0,0.63,500.0,82.35
1333,Origins,Plantscription‚Ñ¢ Powerful Lifting Concentrate,63.0,4,2026,4.25,1.0,1,0,0,0,0,0,0,0,0,0,0,0,0,0,0,0,1,0,0,0,0,0,0,0,0,0,0,0,0,0,0,0,0,0,0,0,0.2,106.25,63.0
1334,Kate Somerville,EradiKate‚Ñ¢ To-Go Acne Treatment,22.0,65,5692,3.0154,,0,0,0,0,0,1,0,0,0,0,0,0,0,0,0,0,0,0,0,0,0,0,0,0,0,0,0,0,0,0,0,0,0,0,0,0,1.14,4.64,
1335,Kiehl's Since 1851,Nightly Refining Micro-Peel Concentrate,60.0,28,3774,4.3571,1.0,0,0,0,0,0,0,0,0,0,0,0,0,0,0,0,0,0,0,0,1,0,0,0,0,0,0,0,0,0,0,0,0,0,0,0,0,0.74,15.56,60.0
1336,Fresh,Cr√®me Ancienne Face Oil Elixir,270.0,26,3199,3.6154,1.7,0,0,0,0,0,0,0,0,0,0,0,0,0,0,1,0,0,0,0,0,0,0,0,0,0,0,0,0,0,0,0,0,0,0,0,0,0.81,13.91,158.82
1337,KENZOKI,Belle de Jour Fantastic Fluid,107.0,1,586,5.0,1.7,0,0,0,0,0,0,0,0,0,0,0,0,0,0,0,0,1,0,0,0,0,0,0,0,0,0,0,0,0,0,0,0,0,0,0,0,0.17,500.0,62.94
1338,Perricone MD,Essential Fx Acyl-Glutathione Deep Crease Serum,179.0,149,797,4.5906,1.0,0,0,0,0,0,0,0,0,0,0,0,0,0,0,0,0,1,0,0,0,0,0,0,0,0,0,0,0,0,0,0,0,0,0,0,0,18.7,3.08,179.0
1339,Dr. Jart+,Pore Master Patch,7.5,213,9108,3.3709,,0,0,0,0,0,0,0,0,0,0,0,0,0,0,0,0,1,0,0,0,0,0,0,0,0,0,0,0,0,0,0,0,0,0,0,0,2.34,1.58,
1340,NuFACE,LIFTER Vitamin C & Hyaluronic Acid Serum,84.0,11,1863,4.0,1.0,0,0,0,0,0,0,0,0,0,0,0,0,0,0,0,0,1,0,0,0,0,0,0,0,0,0,0,0,0,0,0,0,0,0,0,0,0.59,36.36,84.0
1342,Anthony,High Performance Anti-Wrinkle Glycolic Peptide Serum,55.0,15,1796,4.4,,0,0,0,0,0,0,0,0,0,0,0,0,0,0,0,0,0,0,0,1,0,0,0,0,0,0,0,0,0,0,0,0,0,0,0,0,0.84,29.33,
1343,Perricone MD,PRE:EMPT SERIES‚Ñ¢ The Fixer Solid Oil Balm,38.0,13,3287,4.3077,0.7,0,0,0,0,0,0,0,0,0,0,0,0,0,0,1,0,0,0,0,0,0,0,0,0,0,0,0,0,0,0,0,0,0,0,0,0,0.4,33.14,54.29
1344,DERMAdoctor,Ain‚Äôt Misbehavin‚Äô¬Æ Intensive 10% Sulfur Acne Mask & Emergency Spot Treatment,48.0,22,4170,4.1818,2.3,0,0,0,0,0,1,0,0,0,0,0,0,0,0,0,0,0,0,0,0,0,0,0,0,0,0,0,0,0,0,0,0,0,0,0,0,0.53,19.01,20.87
1345,Dr Roebuck's,Surf Chaser Reverse Aging Serum,60.0,13,541,3.8462,1.0,1,0,0,0,0,0,0,0,0,0,0,0,0,0,0,0,1,0,0,0,0,0,0,0,0,0,0,0,0,0,0,0,0,0,0,0,2.4,29.59,60.0
1346,Anthony,High Performance Vitamin C Facial Serum,46.0,36,2870,4.5,1.0,0,0,0,0,0,0,0,0,0,0,0,0,0,0,0,0,1,0,0,0,0,0,0,0,0,0,0,0,0,0,0,0,0,0,0,0,1.25,12.5,46.0
1347,Kate Somerville,Age Arrest Anti-Wrinkle Serum,95.0,22,1127,4.0909,1.0,0,0,0,0,0,0,0,0,0,0,0,0,0,0,0,0,1,0,0,0,0,0,0,0,0,0,0,0,0,0,0,0,0,0,0,0,1.95,18.6,95.0
1348,Algenist,GENIUS White Brightening Essence,115.0,13,2469,4.0,1.0,0,0,0,0,0,0,0,0,0,0,0,0,0,0,0,0,1,0,0,0,0,0,0,0,0,0,0,0,0,0,0,0,0,0,0,0,0.53,30.77,115.0
1349,StackedSkincare,PSC Peptide Serum,150.0,2,222,5.0,1.0,0,0,0,0,0,0,0,0,0,0,0,0,0,0,0,0,1,0,0,0,0,0,0,0,0,0,0,0,0,0,0,0,0,0,0,0,0.9,250.0,150.0
1350,philosophy,Ultimate Miracle Worker Multi-Rejuvenating Lightweight Emulsion SPF 30,75.0,10,615,3.7,1.5,0,1,0,0,0,0,0,0,0,0,0,0,0,0,0,0,0,0,0,0,0,0,0,0,0,0,0,0,0,0,0,0,0,0,0,0,1.63,37.0,50.0
1351,DERMAdoctor,Picture Porefect,42.0,305,4870,3.8361,1.0,0,0,0,0,0,0,0,0,0,0,0,0,0,0,0,0,1,0,0,0,0,0,0,0,0,0,0,0,0,0,0,0,0,0,0,0,6.26,1.26,42.0
1352,AMOREPACIFIC,MOISTURE BOUND Hydration Boost,120.0,11,1166,4.7273,0.64,0,0,0,0,0,0,0,0,0,0,0,0,0,0,0,0,0,0,0,0,0,0,0,0,0,0,1,0,0,0,0,0,0,0,0,0,0.94,42.98,187.5
1353,Eve Lom,Intense Hydration Serum,95.0,12,1415,3.8333,1.0,0,0,0,0,0,0,0,0,0,0,0,0,0,0,0,0,1,0,0,0,0,0,0,0,0,0,0,0,0,0,0,0,0,0,0,0,0.85,31.94,95.0
1354,Dr. Brandt Skincare,MAGNETIGHT‚Ñ¢ Age-Defier Mask Bundle,75.0,8,3117,4.0,,0,0,0,0,0,0,0,0,0,0,0,0,0,1,0,0,0,0,0,0,0,0,0,0,0,0,0,0,0,0,0,0,0,0,0,0,0.26,50.0,
1356,Anthony,Deep Pore Cleansing Clay,24.0,102,5261,4.4314,3.0,0,0,0,0,0,0,0,0,0,0,0,0,0,0,0,0,0,0,0,0,0,0,0,0,0,0,1,0,0,0,0,0,0,0,0,0,1.94,4.34,8.0
1357,Shiseido,White Lucent OnMakeup Spot Correcting Serum Broad Spectrum SPF 25,42.0,11,1625,4.0909,0.16,0,0,0,0,0,0,0,0,0,0,0,0,0,0,0,0,1,0,0,0,0,0,0,0,0,0,0,0,0,0,0,0,0,0,0,0,0.68,37.19,262.5
1358,COVER FX,Brightening Booster Drops,45.0,1,425,5.0,1.0,1,0,0,0,0,0,0,0,0,0,0,0,0,0,0,0,1,0,0,0,0,0,0,0,0,0,0,0,0,0,0,0,0,0,0,0,0.24,500.0,45.0
1359,boscia,Charcoal Spot Corrector,28.0,17,3571,4.0,0.84,1,0,0,0,0,1,0,0,0,0,0,0,0,0,0,0,0,0,0,0,0,0,0,0,0,0,0,0,0,0,0,0,0,0,0,0,0.48,23.53,33.33
1360,Eve Lom,Dynaspot,34.0,11,2044,3.9091,0.3,0,0,0,0,0,0,0,0,0,0,0,0,0,0,0,0,1,0,0,0,0,0,0,0,0,0,0,0,0,0,0,0,0,0,0,0,0.54,35.54,113.33
1361,Origins,Maskimizer‚Ñ¢ Skin-Optimizing Mask Primer,24.0,136,6886,3.125,3.2,1,0,0,0,0,0,0,0,0,0,0,0,0,1,0,0,0,0,0,0,0,0,0,0,0,0,0,0,0,0,0,0,0,0,0,0,1.98,2.3,7.5
1363,Dermarche Labs,BioREWIND‚Ñ¢ AM Full-Spectrum Antioxidant Serum,125.0,8,651,4.625,1.0,0,0,0,0,0,0,0,0,0,0,0,0,0,0,0,0,1,0,0,0,0,0,0,0,0,0,0,0,0,0,0,0,0,0,0,0,1.23,57.81,125.0
1364,Anthony,High Performance Vitamin A Facial Treatment,49.0,30,765,4.3,1.6,0,0,0,0,0,0,0,0,0,0,0,0,0,0,0,0,1,0,0,0,0,0,0,0,0,0,0,0,0,0,0,0,0,0,0,0,3.92,14.33,30.62
1365,Dr Roebuck's,Perky Collagen Boosting Serum,60.0,33,1826,3.9394,1.0,1,0,0,0,0,0,0,0,0,0,0,0,0,0,0,0,1,0,0,0,0,0,0,0,0,0,0,0,0,0,0,0,0,0,0,0,1.81,11.94,60.0
1366,Alpha-H,Vitamin A Serum,70.0,1,137,5.0,0.85,0,0,0,0,0,0,0,0,0,0,0,0,0,0,0,0,1,0,0,0,0,0,0,0,0,0,0,0,0,0,0,0,0,0,0,0,0.73,500.0,82.35
1368,AMOREPACIFIC,All Day Balancing Care Serum,200.0,6,1194,3.6667,2.36,0,0,0,0,0,0,0,0,0,0,0,0,0,0,0,0,1,0,0,0,0,0,0,0,0,0,0,0,0,0,0,0,0,0,0,0,0.5,61.11,84.75
1369,Skin Inc Supplement Bar,Chlorella Serum BRIGHTEN & TACKLE SPOTS,35.0,26,3767,3.6538,0.34,0,0,0,0,0,0,0,0,0,0,0,0,0,0,0,0,1,0,0,0,0,0,0,0,0,0,0,0,0,0,0,0,0,0,0,0,0.69,14.05,102.94
1370,Omorovicza,Oxygen Booster,90.0,5,858,3.8,0.5,1,0,0,0,0,0,0,0,0,0,0,0,0,0,0,0,1,0,0,0,0,0,0,0,0,0,0,0,0,0,0,0,0,0,0,0,0.58,76.0,180.0
1371,Kate Somerville,KateCeuticals‚Ñ¢ Restor8 Replenishing Serum,170.0,4,820,4.25,1.0,0,0,0,0,0,0,0,0,0,0,0,0,0,0,0,0,1,0,0,0,0,0,0,0,0,0,0,0,0,0,0,0,0,0,0,0,0.49,106.25,170.0
1372,Dr Roebuck's,Tassie Anti-Pollution Serum,60.0,2,907,5.0,1.0,1,0,0,0,0,0,0,0,0,0,0,0,0,0,0,0,1,0,0,0,0,0,0,0,0,0,0,0,0,0,0,0,0,0,0,0,0.22,250.0,60.0
1373,NuFACE,Gel Primer 24K Gold Complex - Brighten,39.0,8,859,3.875,2.0,0,0,0,0,0,0,0,0,0,0,0,0,0,0,0,0,1,0,0,0,0,0,0,0,0,0,0,0,0,0,0,0,0,0,0,0,0.93,48.44,19.5
1374,Kate Somerville,Mega-C‚Ñ¢ Dual Radiance Serum,90.0,31,1938,3.6452,1.0,0,0,0,0,0,0,0,0,0,0,0,0,0,0,0,0,1,0,0,0,0,0,0,0,0,0,0,0,0,0,0,0,0,0,0,0,1.6,11.76,90.0
1375,Skin Laundry,Wrinkle Release Repair Treatment with Retinol,40.0,8,1287,3.5,1.0,0,1,0,0,0,0,0,0,0,0,0,0,0,0,0,0,0,0,0,0,0,0,0,0,0,0,0,0,0,0,0,0,0,0,0,0,0.62,43.75,40.0
1376,Dr. Brandt Skincare,Radiance Resurfacing Foam,72.0,293,1041,4.4573,1.7,0,0,0,0,0,0,0,0,0,0,0,0,0,0,0,0,0,0,0,1,0,0,0,0,0,0,0,0,0,0,0,0,0,0,0,0,28.15,1.52,42.35
1377,L'Occitane,Pivoine Sublime Skin Perfector Serum,49.0,15,1088,3.8667,1.0,0,0,0,0,0,0,0,0,0,0,0,0,0,0,0,0,1,0,0,0,0,0,0,0,0,0,0,0,0,0,0,0,0,0,0,0,1.38,25.78,49.0
1380,Erno Laszlo,Phormula 3-9 Repair Cream,275.0,3,1159,5.0,1.7,0,0,0,0,0,0,0,0,0,0,0,0,0,0,0,0,0,0,0,0,0,0,0,0,0,0,1,0,0,0,0,0,0,0,0,0,0.26,166.67,161.76
1381,HUM Nutrition,Big Chill‚Ñ¢ Stress Management Supplement,25.0,51,9808,4.549,,0,0,0,0,1,0,0,0,0,0,0,0,0,0,0,0,0,0,0,0,0,0,0,0,0,0,0,0,0,0,0,0,0,0,0,0,0.52,8.92,
1382,First Aid Beauty,Facial Radiance¬Æ Intensive Peel,40.0,260,17640,4.5462,1.7,0,0,0,0,0,0,0,0,0,0,0,0,0,0,0,0,0,0,0,1,0,0,0,0,0,0,0,0,0,0,0,0,0,0,0,0,1.47,1.75,23.53
1383,L'Occitane,Immortelle Divine Extract,120.0,8,1281,4.5,1.0,0,0,0,0,0,0,0,0,0,0,0,0,0,0,0,0,0,0,0,0,0,0,0,0,0,1,0,0,0,0,0,0,0,0,0,0,0.62,56.25,120.0
1384,Primary Raw,DoYou 2-Step Milk Peeling Kit,6.0,220,12357,4.3818,,0,0,0,0,0,0,0,0,0,0,0,0,0,0,0,0,0,0,0,1,0,0,0,0,0,0,0,0,0,0,0,0,0,0,0,0,1.78,1.99,
1385,SK-II,Facial Treatment Repair C,170.0,63,2700,4.2857,1.0,0,0,0,0,0,0,0,0,0,0,0,0,0,0,0,0,1,0,0,0,0,0,0,0,0,0,0,0,0,0,0,0,0,0,0,0,2.33,6.8,170.0
1386,Peter Thomas Roth,Acne System,35.0,166,14241,4.2831,,0,0,0,0,0,1,0,0,0,0,0,0,0,0,0,0,0,0,0,0,0,0,0,0,0,0,0,0,0,0,0,0,0,0,0,0,1.17,2.58,
1387,Algenist,SPLASH Absolute Hydration Replenishing Emulsion,54.0,26,850,4.2308,3.3,0,0,0,0,0,0,0,0,0,0,0,0,0,0,0,0,1,0,0,0,0,0,0,0,0,0,0,0,0,0,0,0,0,0,0,0,3.06,16.27,16.36
1388,Dr. Brandt Skincare,Power Dose Vitamin D,55.0,7,1158,4.1429,0.6,0,0,0,0,0,0,0,0,0,0,0,0,0,0,0,0,1,0,0,0,0,0,0,0,0,0,0,0,0,0,0,0,0,0,0,0,0.6,59.18,91.67
1389,Eve Lom,WHITE Advanced Brightening Serum,150.0,11,1052,4.0909,1.0,0,0,0,0,0,0,0,0,0,0,0,0,0,0,0,0,1,0,0,0,0,0,0,0,0,0,0,0,0,0,0,0,0,0,0,0,1.05,37.19,150.0
1390,philosophy,The Microdelivery Triple-Acid Brightening Peel,70.0,203,5009,4.0739,,0,0,0,0,0,0,0,0,0,0,0,0,0,0,0,0,0,0,0,1,0,0,0,0,0,0,0,0,0,0,0,0,0,0,0,0,4.05,2.01,
1391,Algenist,ELEVATE Firming & Lifting Contouring Serum,108.0,18,1187,4.0556,1.0,0,1,0,0,0,0,0,0,0,0,0,0,0,0,0,0,0,0,0,0,0,0,0,0,0,0,0,0,0,0,0,0,0,0,0,0,1.52,22.53,108.0
1392,IT Cosmetics,Anti-Aging Armour‚Ñ¢ Super Smart Skin-Perfecting Beauty Fluid SPF 50+,38.0,120,11229,4.05,1.0,0,1,0,0,0,0,0,0,0,0,0,0,0,0,0,0,0,0,0,0,0,0,0,0,0,0,0,0,0,0,0,0,0,0,0,0,1.07,3.37,38.0
1393,KENZOKI,Belle de Jour White Lotus Serum,105.0,2,308,4.0,1.0,0,0,0,0,0,0,0,0,0,0,0,0,0,0,0,0,1,0,0,0,0,0,0,0,0,0,0,0,0,0,0,0,0,0,0,0,0.65,200.0,105.0
1394,Shiseido,Future Solution LX Superior Radiance Serum,225.0,5,787,3.8,1.0,0,0,0,0,0,0,0,0,0,0,0,0,0,0,0,0,1,0,0,0,0,0,0,0,0,0,0,0,0,0,0,0,0,0,0,0,0.64,76.0,225.0
1395,Peter Thomas Roth,Un-Wrinkle¬Æ Turbo Face Serum ,150.0,44,2568,3.7955,1.0,0,0,0,0,0,0,0,0,0,0,0,0,0,0,0,0,1,0,0,0,0,0,0,0,0,0,0,0,0,0,0,0,0,0,0,0,1.71,8.63,150.0
1396,NARS,Optimal Brightening Concentrate,74.0,12,2473,3.75,1.0,0,0,0,0,0,0,0,0,0,0,0,0,0,0,0,0,1,0,0,0,0,0,0,0,0,0,0,0,0,0,0,0,0,0,0,0,0.49,31.25,74.0
1397,Natasha Denona,Lifting Primer Anti-Aging Serum,60.0,11,1003,2.8182,1.01,0,0,0,0,0,0,0,0,0,0,0,0,0,0,0,1,0,0,0,0,0,0,0,0,0,0,0,0,0,0,0,0,0,0,0,0,1.1,25.62,59.41
1412,Slip,Silk Pillowcase - Standard/Queen,85.0,222,56021,4.2658,,0,0,0,0,0,0,0,0,0,0,0,0,0,0,0,0,0,0,0,0,0,0,0,0,0,0,0,0,0,0,0,0,0,0,1,0,0.4,1.92,
1413,HUM Nutrition,Hair Sweet Hair Growth - Vegan Gummies,25.0,195,21267,4.0872,,0,0,0,0,1,0,0,0,0,0,0,0,0,0,0,0,0,0,0,0,0,0,0,0,0,0,0,0,0,0,0,0,0,0,0,0,0.92,2.1,
1414,Herbivore,Jade Facial Roller,30.0,95,12405,3.8842,,1,0,0,0,0,0,0,0,0,0,0,0,0,0,0,0,0,0,0,0,0,0,0,0,0,0,0,0,0,0,0,0,0,0,1,0,0.77,4.09,
1415,Slip,Silk Pillowcase - King,105.0,48,12033,4.4792,,0,0,0,0,0,0,0,0,0,0,0,0,0,0,0,0,0,0,0,0,0,0,0,0,0,0,0,0,0,0,0,0,0,0,1,0,0.4,9.33,
1416,Vital Proteins,Collagen Peptides,25.0,63,6333,4.2222,10.0,0,0,0,0,1,0,0,0,0,0,0,0,0,0,0,0,0,0,0,0,0,0,0,0,0,0,0,0,0,0,0,0,0,0,0,0,0.99,6.7,2.5
1418,BeautyBio,Contouring + De-Puffing Rose Quartz Roller,60.0,17,5316,4.8235,,0,0,0,0,0,0,0,0,0,0,0,0,0,0,0,0,0,0,0,0,0,0,0,0,0,0,0,0,0,0,0,0,0,0,1,0,0.32,28.37,
1419,HUM Nutrition,Skin Heroes Pre + Probiotic Clear Skin Supplement,40.0,1,2461,5.0,,0,0,0,0,1,0,0,0,0,0,0,0,0,0,0,0,0,0,0,0,0,0,0,0,0,0,0,0,0,0,0,0,0,0,0,0,0.04,500.0,
1420,HUM Nutrition,Daily Cleanse Clear Skin and Body Detox Supplement,25.0,332,30843,4.003,,0,0,0,0,1,0,0,0,0,0,0,0,0,0,0,0,0,0,0,0,0,0,0,0,0,0,0,0,0,0,0,0,0,0,0,0,1.08,1.21,
1421,Moon Juice,SuperYou¬Æ Daily Stress Management,49.0,67,7542,4.5672,,0,0,0,0,1,0,0,0,0,0,0,0,0,0,0,0,0,0,0,0,0,0,0,0,0,0,0,0,0,0,0,0,0,0,0,0,0.89,6.82,
1422,Mount Lai,De-Puffing Jade Facial Roller,34.0,130,22987,4.0538,,0,0,0,0,0,0,0,0,0,0,0,0,0,0,0,0,0,0,0,0,0,0,0,0,0,0,0,0,0,0,0,0,0,0,1,0,0.57,3.12,
1423,Slip,Silk Sleepmask,50.0,90,21578,3.9222,,0,0,0,0,0,0,0,0,0,0,0,0,0,0,0,0,0,0,0,0,0,0,0,0,0,0,0,0,0,0,0,0,0,0,1,0,0.42,4.36,
1424,Mount Lai,De-Puffing Rose Quartz Facial Roller,38.0,45,12519,4.1778,,0,0,0,0,0,0,0,0,0,0,0,0,0,0,0,0,0,0,0,0,0,0,0,0,0,0,0,0,0,0,0,0,0,0,1,0,0.36,9.28,
1425,HUM Nutrition,Glow Sweet Glow Skin Hydration - Vegan Gummies,25.0,58,8552,4.5,,0,0,0,0,1,0,0,0,0,0,0,0,0,0,0,0,0,0,0,0,0,0,0,0,0,0,0,0,0,0,0,0,0,0,0,0,0.68,7.76,
1426,HUM Nutrition,Flatter Me Digestive Enzyme Supplement,25.0,109,16147,4.0826,,0,0,0,0,1,0,0,0,0,0,0,0,0,0,0,0,0,0,0,0,0,0,0,0,0,0,0,0,0,0,0,0,0,0,0,0,0.68,3.75,
1427,HUM Nutrition,Skinny Bird‚Ñ¢ Supplements,40.0,122,13349,3.3443,,0,0,0,0,1,0,0,0,0,0,0,0,0,0,0,0,0,0,0,0,0,0,0,0,0,0,0,0,0,0,0,0,0,0,0,0,0.91,2.74,
1428,The Beauty Chef,COLLAGEN Inner Beauty Boost,50.0,95,9287,4.5158,16.9,0,0,0,0,1,0,0,0,0,0,0,0,0,0,0,0,0,0,0,0,0,0,0,0,0,0,0,0,0,0,0,0,0,0,0,0,1.02,4.75,2.96
1429,Mount Lai,Amethyst Roller,44.0,18,4492,4.8889,,0,0,0,0,0,0,0,0,0,0,0,0,0,0,0,0,0,0,0,0,0,0,0,0,0,0,0,0,0,0,0,0,0,0,1,0,0.4,27.16,
1430,The Beauty Chef,GLOW ADVANCED Inner Beauty Powder,70.0,68,6438,4.6618,5.3,0,0,0,0,1,0,0,0,0,0,0,0,0,0,0,0,0,0,0,0,0,0,0,0,0,0,0,0,0,0,0,0,0,0,0,0,1.06,6.86,13.21
1431,Sephora Favorites,Wellness Kit,39.0,3,2054,4.0,,0,0,0,0,0,0,0,0,0,0,0,0,0,0,0,0,0,0,0,0,0,0,0,0,0,0,0,0,0,0,0,0,0,0,0,1,0.15,133.33,
1432,HUM Nutrition,Collagen Love Skin Firming Supplement,40.0,31,11682,4.4839,,0,0,0,0,1,0,0,0,0,0,0,0,0,0,0,0,0,0,0,0,0,0,0,0,0,0,0,0,0,0,0,0,0,0,0,0,0.27,14.46,
1433,Vital Proteins,Marine Collagen,48.0,9,1772,4.7778,7.0,0,0,0,0,1,0,0,0,0,0,0,0,0,0,0,0,0,0,0,0,0,0,0,0,0,0,0,0,0,0,0,0,0,0,0,0,0.51,53.09,6.86
1434,Cocofloss,Cocofloss,9.0,239,15803,4.318,,0,0,0,0,0,0,0,0,0,0,0,0,0,0,0,0,0,0,0,0,0,0,0,0,0,0,0,0,0,0,0,0,0,0,1,0,1.51,1.81,
1435,Vital Proteins,Collagen Beauty Glow - Tropical Hibiscus,54.0,3,2300,5.0,10.8,0,0,0,0,1,0,0,0,0,0,0,0,0,0,0,0,0,0,0,0,0,0,0,0,0,0,0,0,0,0,0,0,0,0,0,0,0.13,166.67,5.0
1436,SEPHORA COLLECTION,Sephora Collection x OLLY: Lustrous Hair,15.0,14,5669,4.5714,,0,0,0,0,1,0,0,0,0,0,0,0,0,0,0,0,0,0,0,0,0,0,0,0,0,0,0,0,0,0,0,0,0,0,0,0,0.25,32.65,
1437,Nurse Jamie,Uplift Massaging Beauty Roller,69.0,75,18283,4.2667,,0,0,0,0,0,0,0,0,0,0,0,0,0,0,0,0,0,0,0,0,0,0,0,0,0,0,0,0,0,0,0,0,0,0,1,0,0.41,5.69,
1438,SEPHORA COLLECTION,Sephora Collection x OLLY: Glowing Skin,15.0,20,6477,4.45,,0,0,0,0,1,0,0,0,0,0,0,0,0,0,0,0,0,0,0,0,0,0,0,0,0,0,0,0,0,0,0,0,0,0,0,0,0.31,22.25,
1439,Murad,Pure Skin¬Æ Clarifying Dietary Supplement,50.0,498,11165,4.1104,,0,0,0,0,1,0,0,0,0,0,0,0,0,0,0,0,0,0,0,0,0,0,0,0,0,0,0,0,0,0,0,0,0,0,0,0,4.46,0.83,
1440,Murad,Firm and Tone Dietary Supplement Pack,138.0,75,5627,3.9333,,0,0,0,0,0,0,0,0,1,0,0,0,0,0,0,0,0,0,0,0,0,0,0,0,0,0,0,0,0,0,0,0,0,0,0,0,1.33,5.24,
1442,WelleCo,The Super Elixir‚Ñ¢,135.0,8,1943,4.5,10.6,0,0,0,0,1,0,0,0,0,0,0,0,0,0,0,0,0,0,0,0,0,0,0,0,0,0,0,0,0,0,0,0,0,0,0,0,0.41,56.25,12.74
1443,Vitruvi,Stone Diffuser,119.0,20,4849,4.35,,0,0,0,0,0,0,0,0,0,0,0,0,0,0,0,0,0,0,0,0,0,0,0,0,0,0,0,0,0,0,0,0,0,0,1,0,0.41,21.75,
1444,Slip,Beauty Sleep To Go!,119.0,6,7474,4.1667,,0,0,0,0,0,0,0,0,0,0,0,0,0,0,0,0,0,0,0,0,0,0,0,0,0,0,0,0,0,0,0,0,0,0,1,0,0.08,69.44,
1445,Crushed Tonic,Anti-Aging Collagen Elixir,105.0,32,905,4.7188,,0,0,0,0,1,0,0,0,0,0,0,0,0,0,0,0,0,0,0,0,0,0,0,0,0,0,0,0,0,0,0,0,0,0,0,0,3.54,14.75,
1447,Herbivore,Rose Quartz Facial Roller,40.0,30,11701,3.1667,,0,0,0,0,0,0,0,0,0,0,0,0,0,0,0,0,0,0,0,0,0,0,0,0,0,0,0,0,0,0,0,0,0,0,1,0,0.26,10.56,
1448,HUM Nutrition,Red Carpet Skin and Hair Health Supplement,25.0,94,10928,4.1064,,0,0,0,0,1,0,0,0,0,0,0,0,0,0,0,0,0,0,0,0,0,0,0,0,0,0,0,0,0,0,0,0,0,0,0,0,0.86,4.37,
1449,KORA Organics,Rose Quartz Heart Facial Gua Sha,58.0,15,4614,3.9333,,1,0,0,0,0,0,0,0,0,0,0,0,0,0,0,0,0,0,0,0,0,0,0,0,0,0,0,0,0,0,0,0,0,0,1,0,0.33,26.22,
1450,HUM Nutrition,Beauty zzZz Sleep Support Supplement,10.0,117,8680,4.0598,,0,0,0,0,1,0,0,0,0,0,0,0,0,0,0,0,0,0,0,0,0,0,0,0,0,0,0,0,0,0,0,0,0,0,0,0,1.35,3.47,
1451,WelleCo,The Super Elixir‚Ñ¢ Refill,80.0,4,662,4.75,10.6,0,0,0,0,1,0,0,0,0,0,0,0,0,0,0,0,0,0,0,0,0,0,0,0,0,0,0,0,0,0,0,0,0,0,0,0,0.6,118.75,7.55
1452,HUM Nutrition,OMG! Omega The Great Fish Oil Supplement,30.0,55,7674,4.3636,,0,0,0,0,1,0,0,0,0,0,0,0,0,0,0,0,0,0,0,0,0,0,0,0,0,0,0,0,0,0,0,0,0,0,0,0,0.72,7.93,
1453,Perricone MD,Skin & Total Body Dietary Supplements,155.0,77,3335,4.5325,,0,0,0,0,1,0,0,0,0,0,0,0,0,0,0,0,0,0,0,0,0,0,0,0,0,0,0,0,0,0,0,0,0,0,0,0,2.31,5.89,
1454,Moon Juice,Sex Dust¬Æ,38.0,49,4625,3.8571,1.5,0,0,0,0,1,0,0,0,0,0,0,0,0,0,0,0,0,0,0,0,0,0,0,0,0,0,0,0,0,0,0,0,0,0,0,0,1.06,7.87,25.33
1455,Herbivore,Coconut Milk Bath Soak,18.0,33,6629,4.0606,8.0,0,0,0,0,0,0,0,0,0,0,0,0,0,0,0,0,0,0,0,0,0,0,0,1,0,0,0,0,0,0,0,0,0,0,0,0,0.5,12.3,2.25
1456,HUM Nutrition,Uber Energy Adrenal Fatigue and Adaptogen Supplement,25.0,49,7316,3.9184,,0,0,0,0,1,0,0,0,0,0,0,0,0,0,0,0,0,0,0,0,0,0,0,0,0,0,0,0,0,0,0,0,0,0,0,0,0.67,8.0,
1457,HUM Nutrition,Wing Man Liver Detox and Dark Circle Supplement,25.0,42,9667,3.7143,,0,0,0,0,0,0,0,0,0,0,0,0,0,0,0,0,0,0,0,0,0,0,0,1,0,0,0,0,0,0,0,0,0,0,0,0,0.43,8.84,
1458,8Greens,8G Dietary Supplement,14.0,15,1137,5.0,,0,0,0,0,1,0,0,0,0,0,0,0,0,0,0,0,0,0,0,0,0,0,0,0,0,0,0,0,0,0,0,0,0,0,0,0,1.32,33.33,
1459,SEPHORA COLLECTION,Sephora Collection x OLLY: Skin Detox,15.0,14,3649,3.6429,,0,0,0,0,1,0,0,0,0,0,0,0,0,0,0,0,0,0,0,0,0,0,0,0,0,0,0,0,0,0,0,0,0,0,0,0,0.38,26.02,
1460,The Beauty Chef,HYDRATION Inner Beauty Boost,50.0,58,2812,4.7241,16.9,0,0,0,0,1,0,0,0,0,0,0,0,0,0,0,0,0,0,0,0,0,0,0,0,0,0,0,0,0,0,0,0,0,0,0,0,2.06,8.14,2.96
1461,Slip,Pure Silk Sleepmask Zodiac Edition,50.0,16,7285,4.5,,0,0,0,0,0,0,0,0,0,0,0,0,0,0,0,0,0,0,0,0,0,0,0,0,0,0,0,0,0,0,0,0,0,0,1,0,0.22,28.12,
1462,HUM Nutrition,Raw Beauty Skin & Energy Superfood Powder - Mint Chocolate,39.0,218,8967,4.1422,8.5,0,0,0,0,1,0,0,0,0,0,0,0,0,0,0,0,0,0,0,0,0,0,0,0,0,0,0,0,0,0,0,0,0,0,0,0,2.43,1.9,4.59
1463,The Beauty Chef,ANTIOXIDANT Inner Beauty Boost,50.0,40,2347,4.875,16.9,0,0,0,0,1,0,0,0,0,0,0,0,0,0,0,0,0,0,0,0,0,0,0,0,0,0,0,0,0,0,0,0,0,0,0,0,1.7,12.19,2.96
1464,SEPHORA COLLECTION,Sephora Collection x OLLY: Radiant Sleep,15.0,11,3179,4.2727,,0,0,0,0,1,0,0,0,0,0,0,0,0,0,0,0,0,0,0,0,0,0,0,0,0,0,0,0,0,0,0,0,0,0,0,0,0.35,38.84,
1465,Vital Proteins,Collagen Creamer,29.0,28,2296,3.9643,10.2,0,0,0,0,1,0,0,0,0,0,0,0,0,0,0,0,0,0,0,0,0,0,0,0,0,0,0,0,0,0,0,0,0,0,0,0,1.22,14.16,2.84
1466,HUM Nutrition,"Runway Ready Skin, Hair & Nail Repair Kit",35.0,79,9513,4.3671,,0,0,0,0,1,0,0,0,0,0,0,0,0,0,0,0,0,0,0,0,0,0,0,0,0,0,0,0,0,0,0,0,0,0,0,0,0.83,5.53,
1467,Vitruvi,Quiet Time Diffuser Set,135.0,5,187,5.0,,0,0,0,0,0,0,0,0,0,0,0,0,0,0,0,0,0,0,0,0,0,0,0,0,0,0,0,0,0,0,0,0,0,0,1,0,2.67,100.0,
1468,Herbivore,Rose Quartz Gua Sha,18.0,11,3177,3.7273,,1,0,0,0,0,0,0,0,0,0,0,0,0,0,0,0,0,0,0,0,0,0,0,0,0,0,0,0,0,0,0,0,0,0,1,0,0.35,33.88,
1469,Vital Proteins,Matcha Collagen,49.0,10,1803,4.9,12.0,0,0,0,0,1,0,0,0,0,0,0,0,0,0,0,0,0,0,0,0,0,0,0,0,0,0,0,0,0,0,0,0,0,0,0,0,0.55,49.0,4.08
1470,HUM Nutrition,Moody Bird‚Ñ¢ PMS Support Supplement,25.0,42,6342,4.4048,,0,0,0,0,1,0,0,0,0,0,0,0,0,0,0,0,0,0,0,0,0,0,0,0,0,0,0,0,0,0,0,0,0,0,0,0,0.66,10.49,
1471,HUM Nutrition,Cleanse to the Rescue 21 Day Detox Kit,42.0,53,9266,3.717,,0,0,0,0,1,0,0,0,0,0,0,0,0,0,0,0,0,0,0,0,0,0,0,0,0,0,0,0,0,0,0,0,0,0,0,0,0.57,7.01,
1472,REN Clean Skincare,And Now to Sleep Pillow Spray,25.0,70,6661,4.3286,2.5,1,0,0,0,0,0,0,0,0,0,0,0,0,0,0,0,0,0,0,0,0,0,0,1,0,0,0,0,0,0,0,0,0,0,0,0,1.05,6.18,10.0
1473,Golde,Matcha Golde,29.0,4,244,5.0,4.2,0,0,0,0,1,0,0,0,0,0,0,0,0,0,0,0,0,0,0,0,0,0,0,0,0,0,0,0,0,0,0,0,0,0,0,0,1.64,125.0,6.9
1474,Perricone MD,Super Greens Dietary Supplement,80.0,30,3706,4.5,5.8,0,0,0,0,1,0,0,0,0,0,0,0,0,0,0,0,0,0,0,0,0,0,0,0,0,0,0,0,0,0,0,0,0,0,0,0,0.81,15.0,13.79
1475,Moon Juice,Beauty Dust¬Æ,38.0,74,9123,4.2432,1.5,0,0,0,0,1,0,0,0,0,0,0,0,0,0,0,0,0,0,0,0,0,0,0,0,0,0,0,0,0,0,0,0,0,0,0,0,0.81,5.73,25.33
1476,WelleCo,The Nourishing Protein,70.0,3,694,4.6667,10.5,0,0,0,0,1,0,0,0,0,0,0,0,0,0,0,0,0,0,0,0,0,0,0,0,0,0,0,0,0,0,0,0,0,0,0,0,0.43,155.56,6.67
1477,HUM Nutrition,Raw Beauty Skin & Energy Superfood Powder - Vanilla Berry,39.0,55,5536,4.2364,8.5,0,0,0,0,1,0,0,0,0,0,0,0,0,0,0,0,0,0,0,0,0,0,0,0,0,0,0,0,0,0,0,0,0,0,0,0,0.99,7.7,4.59
1478,Kopari,Coconut Toothpaste,12.0,11,2390,4.2727,3.4,1,0,0,0,0,0,0,0,0,0,0,0,0,0,0,0,0,0,0,0,0,0,0,1,0,0,0,0,0,0,0,0,0,0,0,0,0.46,38.84,3.53
1479,Moon Juice,Full Moon Dust¬Æ Box,35.0,70,8180,3.8429,15.6,0,0,0,0,1,0,0,0,0,0,0,0,0,0,0,0,0,0,0,0,0,0,0,0,0,0,0,0,0,0,0,0,0,0,0,0,0.86,5.49,2.24
1480,HUM Nutrition,Here Comes The Sun Vitamin D Supplement,20.0,28,6643,4.5357,,0,0,0,0,1,0,0,0,0,0,0,0,0,0,0,0,0,0,0,0,0,0,0,0,0,0,0,0,0,0,0,0,0,0,0,0,0.42,16.2,
1481,Moon Juice,Brain Dust¬Æ,38.0,37,4182,4.3243,1.5,0,0,0,0,1,0,0,0,0,0,0,0,0,0,0,0,0,0,0,0,0,0,0,0,0,0,0,0,0,0,0,0,0,0,0,0,0.88,11.69,25.33
1482,Moon Juice,Beauty Shroom‚Ñ¢ Vegan Collagen Protection,58.0,7,2476,3.8571,8.5,0,0,0,0,1,0,0,0,0,0,0,0,0,0,0,0,0,0,0,0,0,0,0,0,0,0,0,0,0,0,0,0,0,0,0,0,0.28,55.1,6.82
1483,HUM Nutrition,Killer Nails‚Ñ¢ Supplements,20.0,45,6316,4.4222,,0,0,0,0,1,0,0,0,0,0,0,0,0,0,0,0,0,0,0,0,0,0,0,0,0,0,0,0,0,0,0,0,0,0,0,0,0.71,9.83,
1484,HUM Nutrition,Collagen POP + Vitamin C Dissolvable Tablets,12.0,106,4663,3.3491,,0,0,0,0,1,0,0,0,0,0,0,0,0,0,0,0,0,0,0,0,0,0,0,0,0,0,0,0,0,0,0,0,0,0,0,0,2.27,3.16,
1485,KORA Organics,Noni Glow Skinfood Dietary Supplement Powder,55.0,62,4903,3.629,,0,0,0,0,1,0,0,0,0,0,0,0,0,0,0,0,0,0,0,0,0,0,0,0,0,0,0,0,0,0,0,0,0,0,0,0,1.26,5.85,
1486,Kopari,Coconut Oil Pullers,28.0,14,3883,3.7857,4.62,1,0,0,0,0,0,0,0,0,0,0,0,0,0,0,0,0,0,0,0,0,0,0,1,0,0,0,0,0,0,0,0,0,0,0,0,0.36,27.04,6.06
1487,Perricone MD,Health & Weight Management Dietary Supplements,210.0,29,1481,4.3103,,0,0,0,0,1,0,0,0,0,0,0,0,0,0,0,0,0,0,0,0,0,0,0,0,0,0,0,0,0,0,0,0,0,0,0,0,1.96,14.86,
1488,Golde,Cacao Golde,29.0,4,238,5.0,4.2,0,0,0,0,1,0,0,0,0,0,0,0,0,0,0,0,0,0,0,0,0,0,0,0,0,0,0,0,0,0,0,0,0,0,0,0,1.68,125.0,6.9
1489,Golde,Original Golde,29.0,6,374,5.0,4.2,0,0,0,0,1,0,0,0,0,0,0,0,0,0,0,0,0,0,0,0,0,0,0,0,0,0,0,0,0,0,0,0,0,0,0,0,1.6,83.33,6.9
1490,Ouai,Hair Supplement for Dry Hair,28.0,6,1269,3.6667,,0,0,0,0,1,0,0,0,0,0,0,0,0,0,0,0,0,0,0,0,0,0,0,0,0,0,0,0,0,0,0,0,0,0,0,0,0.47,61.11,
1491,Moon Juice,Blue Beauty Adaptogenic Protein,50.0,44,2634,4.7727,16.0,0,0,0,0,1,0,0,0,0,0,0,0,0,0,0,0,0,0,0,0,0,0,0,0,0,0,0,0,0,0,0,0,0,0,0,0,1.67,10.85,3.12
1492,Perricone MD,The Essential Multivitamin+,50.0,7,892,4.2857,,0,0,0,0,1,0,0,0,0,0,0,0,0,0,0,0,0,0,0,0,0,0,0,0,0,0,0,0,0,0,0,0,0,0,0,0,0.78,61.22,
1493,HUM Nutrition,Turn Back Time Turmeric Supplement,40.0,16,4500,4.1875,,0,0,0,0,1,0,0,0,0,0,0,0,0,0,0,0,0,0,0,0,0,0,0,0,0,0,0,0,0,0,0,0,0,0,0,0,0.36,26.17,
1495,Perricone MD,Metabolism Booster,55.0,8,1585,3.5,,0,0,0,0,1,0,0,0,0,0,0,0,0,0,0,0,0,0,0,0,0,0,0,0,0,0,0,0,0,0,0,0,0,0,0,0,0.5,43.75,
1496,Perricone MD,Skin Clear Dietary Supplements,95.0,81,2858,3.9136,,0,0,0,0,1,0,0,0,0,0,0,0,0,0,0,0,0,0,0,0,0,0,0,0,0,0,0,0,0,0,0,0,0,0,0,0,2.83,4.83,
1497,Moon Juice,Cosmic Cocoa,30.0,2,1062,5.0,5.0,1,0,0,0,1,0,0,0,0,0,0,0,0,0,0,0,0,0,0,0,0,0,0,0,0,0,0,0,0,0,0,0,0,0,0,0,0.19,250.0,6.0
1499,HUM Nutrition,Flawless + Fearless Breakout Control Kit,29.0,19,5990,3.6842,,0,0,0,0,1,0,0,0,0,0,0,0,0,0,0,0,0,0,0,0,0,0,0,0,0,0,0,0,0,0,0,0,0,0,0,0,0.32,19.39,
1500,Moon Juice,Dream Dust¬Æ,38.0,18,2166,4.1111,1.5,0,0,0,0,1,0,0,0,0,0,0,0,0,0,0,0,0,0,0,0,0,0,0,0,0,0,0,0,0,0,0,0,0,0,0,0,0.83,22.84,25.33
1501,Four Sigmatic,Mushroom Sampler Mix,20.0,40,1999,4.625,,0,0,0,0,1,0,0,0,0,0,0,0,0,0,0,0,0,0,0,0,0,0,0,0,0,0,0,0,0,0,0,0,0,0,0,0,2.0,11.56,
1502,HUM Nutrition,Arctic Repair Fine Lines and Wrinkles Supplement,60.0,13,2956,4.1538,,0,0,0,0,1,0,0,0,0,0,0,0,0,0,0,0,0,0,0,0,0,0,0,0,0,0,0,0,0,0,0,0,0,0,0,0,0.44,31.95,
1503,Vitruvi,Organic Lavender Oil,18.0,5,1139,5.0,0.3,0,0,0,0,0,0,0,0,0,0,0,0,0,0,0,0,0,0,0,0,0,0,0,1,0,0,0,0,0,0,0,0,0,0,0,0,0.44,100.0,60.0
1504,Nurse Jamie,Eyeonix Eye Massaging Beauty Tool,49.0,12,2977,3.75,,0,0,0,0,0,0,0,0,0,0,0,0,0,0,0,0,0,0,0,0,0,0,0,0,0,0,0,0,0,0,0,0,0,0,1,0,0.4,31.25,
1505,Perricone MD,Omega 3 Dietary Supplement,42.0,73,2061,4.6164,,0,0,0,0,1,0,0,0,0,0,0,0,0,0,0,0,0,0,0,0,0,0,0,0,0,0,0,0,0,0,0,0,0,0,0,0,3.54,6.32,
1506,HUM Nutrition,Raw Beauty Skin & Energy Superfood Powder - Tropical,39.0,15,1877,4.1333,8.5,0,0,0,0,1,0,0,0,0,0,0,0,0,0,0,0,0,0,0,0,0,0,0,0,0,0,0,0,0,0,0,0,0,0,0,0,0.8,27.56,4.59
1507,Four Sigmatic,Mushroom Coffee Mix with Lion's Mane & Chaga,15.0,65,2052,4.8769,9.0,0,0,0,0,1,0,0,0,0,0,0,0,0,0,0,0,0,0,0,0,0,0,0,0,0,0,0,0,0,0,0,0,0,0,0,0,3.17,7.5,1.67
1508,Moon Juice,Cosmic Matcha‚Ñ¢,40.0,1,483,5.0,3.5,1,0,0,0,1,0,0,0,0,0,0,0,0,0,0,0,0,0,0,0,0,0,0,0,0,0,0,0,0,0,0,0,0,0,0,0,0.21,500.0,11.43
1509,HUM Nutrition,Raw Beauty To-Go Superfood Powder - Mint Chocolate,25.0,39,3660,4.1282,4.2,0,0,0,0,1,0,0,0,0,0,0,0,0,0,0,0,0,0,0,0,0,0,0,0,0,0,0,0,0,0,0,0,0,0,0,0,1.07,10.59,5.95
1511,Nurse Jamie,NuVibe RX Amethyst Massaging Beauty Tool,95.0,4,1716,4.5,,0,0,0,0,0,0,0,0,0,0,0,0,0,0,0,0,0,0,0,0,0,0,0,0,0,0,0,0,0,0,0,0,0,0,1,0,0.23,112.5,
1512,Herbivore,Detox Soaking Salts,18.0,6,3017,3.1667,8.0,0,0,0,0,0,0,0,0,0,0,0,0,0,0,0,0,0,0,0,0,0,0,0,1,0,0,0,0,0,0,0,0,0,0,0,0,0.2,52.78,2.25
1514,Caudalie,Vinexpert Dietary Supplements,18.0,12,3635,4.1667,,0,0,0,0,1,0,0,0,0,0,0,0,0,0,0,0,0,0,0,0,0,0,0,0,0,0,0,0,0,0,0,0,0,0,0,0,0.33,34.72,
1515,Vitruvi,Frankincense Essential Oil,18.0,2,539,5.0,0.3,0,0,0,0,0,0,0,0,0,0,0,0,0,0,0,0,0,0,0,0,0,0,0,1,0,0,0,0,0,0,0,0,0,0,0,0,0.37,250.0,60.0
1516,Vitruvi,Organic Eucalyptus Essential Oil,13.0,4,748,4.75,0.3,0,0,0,0,0,0,0,0,0,0,0,0,0,0,0,0,0,0,0,0,0,0,0,1,0,0,0,0,0,0,0,0,0,0,0,0,0.53,118.75,43.33
1517,Four Sigmatic,Mushroom Hot Cacao Mix with Reishi,20.0,61,4068,4.0,2.0,0,0,0,0,1,0,0,0,0,0,0,0,0,0,0,0,0,0,0,0,0,0,0,0,0,0,0,0,0,0,0,0,0,0,0,0,1.5,6.56,10.0
1518,The Beauty Chef,SLEEP Inner Beauty Powder,60.0,47,1658,4.5745,3.5,0,0,0,0,1,0,0,0,0,0,0,0,0,0,0,0,0,0,0,0,0,0,0,0,0,0,0,0,0,0,0,0,0,0,0,0,2.83,9.73,17.14
1519,Murad,Beauty RESTore Sleep Oral Spray,25.0,21,976,4.0,1.0,0,0,0,0,0,0,0,0,0,0,0,0,0,0,0,0,0,0,0,0,0,0,0,1,0,0,0,0,0,0,0,0,0,0,0,0,2.15,19.05,25.0
1520,Perricone MD,Sleep Booster,35.0,6,914,4.3333,,0,0,0,0,1,0,0,0,0,0,0,0,0,0,0,0,0,0,0,0,0,0,0,0,0,0,0,0,0,0,0,0,0,0,0,0,0.66,72.22,
1521,Four Sigmatic,Mushroom Matcha Drink Mix with Lion's Mane & Ginger,33.0,36,2310,4.8056,2.12,0,0,0,0,1,0,0,0,0,0,0,0,0,0,0,0,0,0,0,0,0,0,0,0,0,0,0,0,0,0,0,0,0,0,0,0,1.56,13.35,15.57
1522,Moon Juice,Spirit Dust¬Æ,38.0,18,2606,4.7778,1.5,0,0,0,0,1,0,0,0,0,0,0,0,0,0,0,0,0,0,0,0,0,0,0,0,0,0,0,0,0,0,0,0,0,0,0,0,0.69,26.54,25.33
1523,WelleCo,The Super Elixir‚Ñ¢ Travel Set,30.0,2,296,3.0,,0,0,0,0,1,0,0,0,0,0,0,0,0,0,0,0,0,0,0,0,0,0,0,0,0,0,0,0,0,0,0,0,0,0,0,0,0.68,150.0,
1524,WelleCo,Sleep Welle Fortified Calming Tea,69.0,1,495,5.0,,0,0,0,0,1,0,0,0,0,0,0,0,0,0,0,0,0,0,0,0,0,0,0,0,0,0,0,0,0,0,0,0,0,0,0,0,0.2,500.0,
1525,Vitruvi,Pink Grapefruit Essential Oil,13.0,5,866,5.0,0.3,0,0,0,0,0,0,0,0,0,0,0,0,0,0,0,0,0,0,0,0,0,0,0,1,0,0,0,0,0,0,0,0,0,0,0,0,0.58,100.0,43.33
1526,Perricone MD,Skin Booster,55.0,10,3129,4.8,,0,0,0,0,1,0,0,0,0,0,0,0,0,0,0,0,0,0,0,0,0,0,0,0,0,0,0,0,0,0,0,0,0,0,0,0,0.32,48.0,
1527,Vitruvi,Sleep Face & Body Mist,24.0,1,549,5.0,1.0,0,0,0,0,0,0,0,0,0,0,0,0,0,0,0,0,0,0,0,0,0,0,0,1,0,0,0,0,0,0,0,0,0,0,0,0,0.18,500.0,24.0
1528,Vital Proteins,Collagen Beauty Glow - Lavender Lemon,54.0,3,450,3.6667,10.0,0,0,0,0,1,0,0,0,0,0,0,0,0,0,0,0,0,0,0,0,0,0,0,0,0,0,0,0,0,0,0,0,0,0,0,0,0.67,122.22,5.4
1529,Moon Juice,Night Beauty,65.0,4,978,2.75,3.0,0,0,0,0,1,0,0,0,0,0,0,0,0,0,0,0,0,0,0,0,0,0,0,0,0,0,0,0,0,0,0,0,0,0,0,0,0.41,68.75,21.67
1530,bkr,Spiked Prenup Glass Water Bottle,45.0,7,2161,3.8571,16.0,0,0,0,0,0,0,0,0,0,0,0,0,0,0,0,0,0,0,0,0,0,0,0,1,0,0,0,0,0,0,0,0,0,0,0,0,0.32,55.1,2.81
1531,Vitruvi,Organic Sweet Orange Essential Oil,13.0,6,621,4.3333,0.3,0,0,0,0,0,0,0,0,0,0,0,0,0,0,0,0,0,0,0,0,0,0,0,1,0,0,0,0,0,0,0,0,0,0,0,0,0.97,72.22,43.33
1532,Vitruvi,Organic Peppermint Essential Oil,15.0,2,588,5.0,0.3,0,0,0,0,0,0,0,0,0,0,0,0,0,0,0,0,0,0,0,0,0,0,0,1,0,0,0,0,0,0,0,0,0,0,0,0,0.34,250.0,50.0
1533,Vital Proteins,Collagen Beauty Glow - Strawberry Lemon,54.0,1,317,1.0,10.0,0,0,0,0,1,0,0,0,0,0,0,0,0,0,0,0,0,0,0,0,0,0,0,0,0,0,0,0,0,0,0,0,0,0,0,0,0.32,100.0,5.4
1534,Dr. Brandt Skincare,Antioxidant Water Booster Triple Power Ingestible Water Supplement,39.0,813,2828,3.9496,2.0,0,0,0,0,1,0,0,0,0,0,0,0,0,0,0,0,0,0,0,0,0,0,0,0,0,0,0,0,0,0,0,0,0,0,0,0,28.75,0.49,19.5
1535,WelleCo,Sleep Welle Fortified Calming Tea Refill,37.0,2,381,5.0,,0,0,0,0,1,0,0,0,0,0,0,0,0,0,0,0,0,0,0,0,0,0,0,0,0,0,0,0,0,0,0,0,0,0,0,0,0.52,250.0,
1536,Four Sigmatic,Mushroom Mocha Mix with Chaga & Cacao,20.0,29,1108,4.8621,1.8,0,0,0,0,1,0,0,0,0,0,0,0,0,0,0,0,0,0,0,0,0,0,0,0,0,0,0,0,0,0,0,0,0,0,0,0,2.62,16.77,11.11
1537,Vital Proteins,Beauty Collagen - Tropical Hibiscus,32.0,1,495,3.0,11.5,0,0,0,0,1,0,0,0,0,0,0,0,0,0,0,0,0,0,0,0,0,0,0,0,0,0,0,0,0,0,0,0,0,0,0,0,0.2,300.0,2.78
1538,Moon Juice,Power Dust¬Æ,38.0,9,2067,4.5556,1.5,0,0,0,0,1,0,0,0,0,0,0,0,0,0,0,0,0,0,0,0,0,0,0,0,0,0,0,0,0,0,0,0,0,0,0,0,0.44,50.62,25.33
1539,Four Sigmatic,Mushroom Lemonade Mix with Charcoal & Chaga,30.0,7,632,4.2857,3.53,0,0,0,0,1,0,0,0,0,0,0,0,0,0,0,0,0,0,0,0,0,0,0,0,0,0,0,0,0,0,0,0,0,0,0,0,1.11,61.22,8.5
1540,Vitruvi,Geranium Essential Oil,18.0,1,406,4.0,0.3,0,0,0,0,0,0,0,0,0,0,0,0,0,0,0,0,0,0,0,0,0,0,0,1,0,0,0,0,0,0,0,0,0,0,0,0,0.25,400.0,60.0
1541,Four Sigmatic,Mushroom Matcha Latte Mix with Maitake,20.0,24,1066,4.375,2.1,0,0,0,0,1,0,0,0,0,0,0,0,0,0,0,0,0,0,0,0,0,0,0,0,0,0,0,0,0,0,0,0,0,0,0,0,2.25,18.23,9.52
1542,Ouai,Hair Supplement for Oily Scalp,28.0,9,1163,3.1111,,0,0,0,0,1,0,0,0,0,0,0,0,0,0,0,0,0,0,0,0,0,0,0,0,0,0,0,0,0,0,0,0,0,0,0,0,0.77,34.57,
1543,Vital Proteins,Beauty Collagen ‚Äì Strawberry Lemon,34.0,12,1379,2.25,7.84,0,0,0,0,1,0,0,0,0,0,0,0,0,0,0,0,0,0,0,0,0,0,0,0,0,0,0,0,0,0,0,0,0,0,0,0,0.87,18.75,4.34
1544,Vital Proteins,Collagen Beauty Greens,49.0,4,1103,4.5,10.37,0,0,0,0,1,0,0,0,0,0,0,0,0,0,0,0,0,0,0,0,0,0,0,0,0,0,0,0,0,0,0,0,0,0,0,0,0.36,112.5,4.73
1545,WelleCo,Mini Caddy Trio,140.0,1,254,5.0,,0,0,0,0,1,0,0,0,0,0,0,0,0,0,0,0,0,0,0,0,0,0,0,0,0,0,0,0,0,0,0,0,0,0,0,0,0.39,500.0,
1547,Ouai,Hair Supplement for Thinning Hair,28.0,121,9032,3.9091,,0,0,0,0,1,0,0,0,0,0,0,0,0,0,0,0,0,0,0,0,0,0,0,0,0,0,0,0,0,0,0,0,0,0,0,0,1.34,3.23,
1548,Four Sigmatic,Golden Latte Mushroom Mix with Shiitake & Turmeric,20.0,117,1180,2.9231,2.1,0,0,0,0,1,0,0,0,0,0,0,0,0,0,0,0,0,0,0,0,0,0,0,0,0,0,0,0,0,0,0,0,0,0,0,0,9.92,2.5,9.52
1549,Four Sigmatic,Chai Latte Mushroom Mix with Turkey Tail & Reishi,20.0,12,610,3.8333,2.1,0,0,0,0,1,0,0,0,0,0,0,0,0,0,0,0,0,0,0,0,0,0,0,0,0,0,0,0,0,0,0,0,0,0,0,0,1.97,31.94,9.52
1550,bkr,Spiked Lala Glass Water Bottle,58.0,14,1655,4.5714,32.0,0,0,0,0,0,0,0,0,0,0,0,0,0,0,0,0,0,0,0,0,0,0,0,1,0,0,0,0,0,0,0,0,0,0,0,0,0.85,32.65,1.81
1551,Vital Proteins,Beauty Collagen - Lavender Lemon,32.0,7,739,3.2857,10.8,0,0,0,0,1,0,0,0,0,0,0,0,0,0,0,0,0,0,0,0,0,0,0,0,0,0,0,0,0,0,0,0,0,0,0,0,0.95,46.94,2.96
1553,Murad,Hydro-Glow Dietary Supplements,54.0,1,736,5.0,,0,0,0,0,1,0,0,0,0,0,0,0,0,0,0,0,0,0,0,0,0,0,0,0,0,0,0,0,0,0,0,0,0,0,0,0,0.14,500.0,
1554,WelleCo,The Nourishing Protein Travel Set,39.0,1,150,5.0,8.12,0,0,0,0,1,0,0,0,0,0,0,0,0,0,0,0,0,0,0,0,0,0,0,0,0,0,0,0,0,0,0,0,0,0,0,0,0.67,500.0,4.8
1555,Perricone MD,Travel Booster,25.0,1,1213,5.0,,0,0,0,0,1,0,0,0,0,0,0,0,0,0,0,0,0,0,0,0,0,0,0,0,0,0,0,0,0,0,0,0,0,0,0,0,0.08,500.0,
1556,Murad,Youth Builder¬Æ Dietary Supplement,59.0,3,1028,5.0,,0,0,0,0,1,0,0,0,0,0,0,0,0,0,0,0,0,0,0,0,0,0,0,0,0,0,0,0,0,0,0,0,0,0,0,0,0.29,166.67,
1557,HUM Nutrition,Big Chill‚Ñ¢ Stress Management Supplement,25.0,51,9810,4.549,,0,0,0,0,1,0,0,0,0,0,0,0,0,0,0,0,0,0,0,0,0,0,0,0,0,0,0,0,0,0,0,0,0,0,0,0,0.52,8.92,
1558,SEPHORA COLLECTION,Rose quartz facial massager,20.0,35,6528,3.6857,,0,0,0,0,0,0,0,0,0,0,0,0,0,0,0,0,0,0,0,0,0,0,0,0,0,0,0,0,0,0,0,0,0,0,1,0,0.54,10.53,
1559,Perricone MD,Digestion Booster,50.0,1,569,3.0,,0,0,0,0,1,0,0,0,0,0,0,0,0,0,0,0,0,0,0,0,0,0,0,0,0,0,0,0,0,0,0,0,0,0,0,0,0.18,300.0,
1560,Vital Proteins,Bone Broth Collagen,65.0,1,373,5.0,10.0,0,0,0,0,1,0,0,0,0,0,0,0,0,0,0,0,0,0,0,0,0,0,0,0,0,0,0,0,0,0,0,0,0,0,0,0,0.27,500.0,6.5
1564,OLEHENRIKSEN,Banana Bright Eye Cr√®me,38.0,2000,126365,4.1532,0.5,0,0,0,0,0,0,0,0,0,0,0,1,0,0,0,0,0,0,0,0,0,0,0,0,0,0,0,0,0,0,0,0,0,0,0,0,1.58,0.21,76.0
1565,Drunk Elephant,C-Tango Vitamin C Eye Cream,64.0,469,59473,3.7527,0.5,1,0,0,0,0,0,0,0,0,0,0,1,0,0,0,0,0,0,0,0,0,0,0,0,0,0,0,0,0,0,0,0,0,0,0,0,0.79,0.8,128.0
1566,Shiseido,Benefiance WrinkleResist24 Intensive Eye Contour Cream,60.0,1000,62205,4.261,0.51,0,0,0,0,0,0,0,0,0,0,0,1,0,0,0,0,0,0,0,0,0,0,0,0,0,0,0,0,0,0,0,0,0,0,0,0,1.61,0.43,117.65
1567,La Mer,The Eye Concentrate,215.0,109,16056,3.633,0.5,0,0,0,0,0,0,0,0,0,0,0,1,0,0,0,0,0,0,0,0,0,0,0,0,0,0,0,0,0,0,0,0,0,0,0,0,0.68,3.33,430.0
1568,Est√©e Lauder,Advanced Night Repair Eye Supercharged Complex,62.0,210,14169,4.1952,0.5,0,0,0,0,0,0,0,0,0,0,0,1,0,0,0,0,0,0,0,0,0,0,0,0,0,0,0,0,0,0,0,0,0,0,0,0,1.48,2.0,124.0
1569,Drunk Elephant,Shaba Complex‚Ñ¢ Eye Serum,60.0,329,38957,3.7812,0.5,1,0,0,0,0,0,0,0,0,0,0,1,0,0,0,0,0,0,0,0,0,0,0,0,0,0,0,0,0,0,0,0,0,0,0,0,0.84,1.15,120.0
1570,Kiehl's Since 1851,Creamy Eye Treatment with Avocado,30.0,768,37684,4.2461,0.5,0,0,0,0,0,0,0,0,0,0,0,1,0,0,0,0,0,0,0,0,0,0,0,0,0,0,0,0,0,0,0,0,0,0,0,0,2.04,0.55,60.0
1571,belif,Moisturizing Eye Bomb,48.0,1000,48667,4.5476,,0,0,0,0,0,0,0,0,0,0,0,1,0,0,0,0,0,0,0,0,0,0,0,0,0,0,0,0,0,0,0,0,0,0,0,0,2.05,0.45,
1572,Fresh,Black Tea Firming and De-Puffing Eye Cream,68.0,420,34145,3.9929,0.5,0,0,0,0,0,0,0,0,0,0,0,1,0,0,0,0,0,0,0,0,0,0,0,0,0,0,0,0,0,0,0,0,0,0,0,0,1.23,0.95,136.0
1573,Shiseido,Benefiance WrinkleResist24 Pure Retinol Express Smoothing Eye Mask,68.0,380,41478,4.4342,,0,0,0,0,0,0,0,0,0,0,0,0,1,0,0,0,0,0,0,0,0,0,0,0,0,0,0,0,0,0,0,0,0,0,0,0,0.92,1.17,
1574,Origins,GinZing‚Ñ¢ Refreshing Eye Cream to Brighten and Depuff,32.0,3000,99998,4.0354,0.5,0,0,0,0,0,0,0,0,0,0,0,1,0,0,0,0,0,0,0,0,0,0,0,0,0,0,0,0,0,0,0,0,0,0,0,0,3.0,0.13,64.0
1575,Tatcha,The Pearl Tinted Eye Illuminating Treatment,48.0,713,49972,4.0421,0.4,1,0,0,0,0,0,0,0,0,0,0,1,0,0,0,0,0,0,0,0,0,0,0,0,0,0,0,0,0,0,0,0,0,0,0,0,1.43,0.57,120.0
1576,SEPHORA COLLECTION,Brightening Eye Cream ‚Äì Hydrate & Depuff,16.0,88,16638,4.3182,0.67,1,0,0,0,0,0,0,0,0,0,0,1,0,0,0,0,0,0,0,0,0,0,0,0,0,0,0,0,0,0,0,0,0,0,0,0,0.53,4.91,23.88
1577,Skinfix,Barrier+ Lipid-Boost 360¬∞ Eye,40.0,7,1575,5.0,0.5,1,0,0,0,0,0,0,0,0,0,0,1,0,0,0,0,0,0,0,0,0,0,0,0,0,0,0,0,0,0,0,0,0,0,0,0,0.44,71.43,80.0
1578,IT Cosmetics,Bye Bye Under Eye Brightening Eye Cream,48.0,489,43679,3.7689,0.5,0,0,0,0,0,0,0,0,0,0,0,1,0,0,0,0,0,0,0,0,0,0,0,0,0,0,0,0,0,0,0,0,0,0,0,0,1.12,0.77,96.0
1579,Dr. Dennis Gross Skincare,Ferulic + Retinol Triple Correction Eye Serum,69.0,335,28043,3.8209,0.5,0,0,0,0,0,0,0,0,0,0,0,1,0,0,0,0,0,0,0,0,0,0,0,0,0,0,0,0,0,0,0,0,0,0,0,0,1.19,1.14,138.0
1580,Peter Thomas Roth,Water Drench Hyaluronic Cloud Hydra-Gel Eye Patches,52.0,140,20762,4.3143,,0,0,0,0,0,0,0,0,0,0,0,0,1,0,0,0,0,0,0,0,0,0,0,0,0,0,0,0,0,0,0,0,0,0,0,0,0.67,3.08,
1581,Peter Thomas Roth,24K Gold Pure Luxury Lift & Firm Hydra-Gel Eye Patches,75.0,188,24618,4.0532,,0,0,0,0,0,0,0,0,0,0,0,1,0,0,0,0,0,0,0,0,0,0,0,0,0,0,0,0,0,0,0,0,0,0,0,0,0.76,2.16,
1582,First Aid Beauty,FAB Skin Lab Retinol Eye Cream with Triple Hyaluronic Acid,42.0,10,3781,4.8,0.5,0,0,0,0,0,0,0,0,0,0,0,1,0,0,0,0,0,0,0,0,0,0,0,0,0,0,0,0,0,0,0,0,0,0,0,0,0.26,48.0,84.0
1583,Dr. Brandt Skincare,needles no more¬Æ NO MORE BAGGAGE‚Ñ¢ eye de-puffing gel,42.0,1000,17351,3.7395,0.5,0,0,0,0,0,0,0,0,0,0,0,1,0,0,0,0,0,0,0,0,0,0,0,0,0,0,0,0,0,0,0,0,0,0,0,0,5.76,0.37,84.0
1584,SEPHORA COLLECTION,Eye Mask,5.0,693,34485,4.1804,,0,0,0,0,0,0,0,0,0,0,0,0,1,0,0,0,0,0,0,0,0,0,0,0,0,0,0,0,0,0,0,0,0,0,0,0,2.01,0.6,
1585,Peace Out,Puffy Under-Eye Patches,25.0,187,12643,4.5134,,0,0,0,0,0,0,0,0,0,0,0,0,1,0,0,0,0,0,0,0,0,0,0,0,0,0,0,0,0,0,0,0,0,0,0,0,1.48,2.41,
1586,LANEIGE,Eye Sleeping Mask,34.0,164,33105,3.9878,0.8,0,0,0,0,0,0,0,0,0,0,0,0,1,0,0,0,0,0,0,0,0,0,0,0,0,0,0,0,0,0,0,0,0,0,0,0,0.5,2.43,42.5
1587,CLINIQUE,All About Eyes‚Ñ¢ Rich,32.5,1000,48002,4.1588,0.5,0,0,0,0,0,0,0,0,0,0,0,1,0,0,0,0,0,0,0,0,0,0,0,0,0,0,0,0,0,0,0,0,0,0,0,0,2.08,0.42,65.0
1588,Tatcha,Luminous Deep Hydration Firming Eye Serum,85.0,86,19206,3.9302,0.5,1,0,0,0,0,0,0,0,0,0,0,1,0,0,0,0,0,0,0,0,0,0,0,0,0,0,0,0,0,0,0,0,0,0,0,0,0.45,4.57,170.0
1589,Biossance,Squalane + Peptide Eye Gel,54.0,322,31117,3.7484,0.5,1,0,0,0,0,0,0,0,0,0,0,1,0,0,0,0,0,0,0,0,0,0,0,0,0,0,0,0,0,0,0,0,0,0,0,0,1.03,1.16,108.0
1590,La Mer,The Eye Balm Intense,215.0,30,6251,3.96669999999999,0.5,0,0,0,0,0,0,0,0,0,0,0,1,0,0,0,0,0,0,0,0,0,0,0,0,0,0,0,0,0,0,0,0,0,0,0,0,0.48,13.22,430.0
1591,Wander Beauty,Baggage Claim Gold Eye Masks,25.0,214,16793,3.9252,,0,0,0,0,0,0,0,0,0,0,0,0,1,0,0,0,0,0,0,0,0,0,0,0,0,0,0,0,0,0,0,0,0,0,0,0,1.27,1.83,
1592,MILK MAKEUP,Cooling Water,24.0,904,70167,3.7876,1.2,0,0,0,0,0,0,0,0,0,0,0,1,0,0,0,0,0,0,0,0,0,0,0,0,0,0,0,0,0,0,0,0,0,0,0,0,1.29,0.42,20.0
1593,Algenist,Complete Eye Renewal Balm,68.0,821,24272,3.9647,0.5,0,0,0,0,0,0,0,0,0,0,0,1,0,0,0,0,0,0,0,0,0,0,0,0,0,0,0,0,0,0,0,0,0,0,0,0,3.38,0.48,136.0
1594,SK-II,R.N.A. POWER Anti-Aging Eye Cream,135.0,136,8916,4.2279,0.4,0,0,0,0,0,0,0,0,0,0,0,1,0,0,0,0,0,0,0,0,0,0,0,0,0,0,0,0,0,0,0,0,0,0,0,0,1.53,3.11,337.5
1595,Caudalie,Resveratrol Lift Hyaluronic Acid Eye Lifting Balm,62.0,197,14695,4.0355,0.5,1,0,0,0,0,0,0,0,0,0,0,1,0,0,0,0,0,0,0,0,0,0,0,0,0,0,0,0,0,0,0,0,0,0,0,0,1.34,2.05,124.0
1596,Peter Thomas Roth,Cucumber De-Tox‚Ñ¢ Hydra-Gel Eye Patches,48.0,246,28764,4.0813,,0,0,0,0,0,0,0,0,0,0,0,0,1,0,0,0,0,0,0,0,0,0,0,0,0,0,0,0,0,0,0,0,0,0,0,0,0.86,1.66,
1597,SUNDAY RILEY,Auto Correct Brightening and Depuffing Eye Contour Cream,65.0,302,16454,3.3477,0.5,0,0,0,0,0,0,0,0,0,0,0,1,0,0,0,0,0,0,0,0,0,0,0,0,0,0,0,0,0,0,0,0,0,0,0,0,1.84,1.11,130.0
1598,Perricone MD,Hypoallergenic Firming Eye Cream,72.0,427,8886,4.3888,0.5,0,0,0,0,0,0,0,0,0,0,0,1,0,0,0,0,0,0,0,0,0,0,0,0,0,0,0,0,0,0,0,0,0,0,0,0,4.81,1.03,144.0
1599,La Mer,The Lifting Eye Serum,255.0,5,4458,3.8,0.5,0,0,0,0,0,0,0,0,0,0,0,1,0,0,0,0,0,0,0,0,0,0,0,0,0,0,0,0,0,0,0,0,0,0,0,0,0.11,76.0,510.0
1600,Kiehl's Since 1851,Midnight Recovery Eye,37.0,179,29335,3.8045,0.5,0,0,0,0,0,0,0,0,0,0,0,1,0,0,0,0,0,0,0,0,0,0,0,0,0,0,0,0,0,0,0,0,0,0,0,0,0.61,2.13,74.0
1601,Fresh,Rose Hydrating Eye Gel Cream,41.0,466,32171,4.2468,0.5,0,0,0,0,0,0,0,0,0,0,0,1,0,0,0,0,0,0,0,0,0,0,0,0,0,0,0,0,0,0,0,0,0,0,0,0,1.45,0.91,82.0
1602,BIOEFFECT,EGF Eye Serum,90.0,11,2913,4.8182,0.2,0,0,0,0,0,0,0,0,0,0,0,1,0,0,0,0,0,0,0,0,0,0,0,0,0,0,0,0,0,0,0,0,0,0,0,0,0.38,43.8,450.0
1603,Saturday Skin,Wide Awake Brightening Eye Cream,46.0,387,28781,4.3178,1.01,0,0,0,0,0,0,0,0,0,0,0,1,0,0,0,0,0,0,0,0,0,0,0,0,0,0,0,0,0,0,0,0,0,0,0,0,1.34,1.12,45.54
1604,CLINIQUE,Pep-Start Eye Cream,26.5,866,43981,3.6894,0.5,0,0,0,0,0,0,0,0,0,0,0,1,0,0,0,0,0,0,0,0,0,0,0,0,0,0,0,0,0,0,0,0,0,0,0,0,1.97,0.43,53.0
1605,First Aid Beauty,"Eye Duty Triple Remedy: Brighten, Depuff and Smooth",36.0,675,43522,3.9807,0.34,0,0,0,0,0,0,0,0,0,0,0,1,0,0,0,0,0,0,0,0,0,0,0,0,0,0,0,0,0,0,0,0,0,0,0,0,1.55,0.59,105.88
1606,AMOREPACIFIC,MOISTURE BOUND Rejuvenating Eye Treatment Gel,85.0,240,8599,4.2417,0.5,0,0,0,0,0,0,0,0,0,0,0,1,0,0,0,0,0,0,0,0,0,0,0,0,0,0,0,0,0,0,0,0,0,0,0,0,2.79,1.77,170.0
1607,CLINIQUE,All About Eyes,32.5,1000,23996,4.0818,0.5,0,0,0,0,0,0,0,0,0,0,0,1,0,0,0,0,0,0,0,0,0,0,0,0,0,0,0,0,0,0,0,0,0,0,0,0,4.17,0.41,65.0
1608,Lanc√¥me,Advanced G√©nifique Eye Cream,67.0,256,10353,4.0469,0.5,0,0,0,0,0,0,0,0,0,0,0,1,0,0,0,0,0,0,0,0,0,0,0,0,0,0,0,0,0,0,0,0,0,0,0,0,2.47,1.58,134.0
1609,Bobbi Brown,Extra Eye Repair Cream,77.0,129,9447,4.2171,0.5,0,0,0,0,0,0,0,0,0,0,0,1,0,0,0,0,0,0,0,0,0,0,0,0,0,0,0,0,0,0,0,0,0,0,0,0,1.37,3.27,154.0
1610,tarte,Maracuja C-Brighter‚Ñ¢ Eye Treatment,38.0,815,41080,4.0147,0.35,0,0,0,0,0,0,0,0,0,0,0,1,0,0,0,0,0,0,0,0,0,0,0,0,0,0,0,0,0,0,0,0,0,0,0,0,1.98,0.49,108.57
1611,Farmacy,Dew It All Total Eye Cream with Echinacea GreenEnvy‚Ñ¢,38.0,346,23190,4.0173,0.5,1,0,0,0,0,0,0,0,0,0,0,1,0,0,0,0,0,0,0,0,0,0,0,0,0,0,0,0,0,0,0,0,0,0,0,0,1.49,1.16,76.0
1612,Murad,Retinol Youth Renewal Eye Serum,85.0,29,7264,4.3103,0.5,0,0,0,0,0,0,0,0,0,0,0,1,0,0,0,0,0,0,0,0,0,0,0,0,0,0,0,0,0,0,0,0,0,0,0,0,0.4,14.86,170.0
1613,Fresh,Black Tea Firming Eye Serum,72.0,13,5991,4.4615,0.5,0,0,0,0,0,0,0,0,0,0,0,1,0,0,0,0,0,0,0,0,0,0,0,0,0,0,0,0,0,0,0,0,0,0,0,0,0.22,34.32,144.0
1614,LANEIGE,Water Bank Eye Gel,36.0,129,20038,4.1705,0.8,0,0,0,0,0,0,0,0,0,0,0,1,0,0,0,0,0,0,0,0,0,0,0,0,0,0,0,0,0,0,0,0,0,0,0,0,0.64,3.23,45.0
1615,Supergoop!,Advanced Anti-Aging Eye Cream Broad Spectrum Sunscreen SPF 37,32.0,85,8878,3.8235,0.5,1,0,0,0,0,0,0,0,0,0,0,1,0,0,0,0,0,0,0,0,0,0,0,0,0,0,0,0,0,0,0,0,0,0,0,0,0.96,4.5,64.0
1616,Caudalie,Vine[activ] Energizing Vitamin C Eye Cream,39.0,117,10626,3.7521,0.5,1,0,0,0,0,0,0,0,0,0,0,1,0,0,0,0,0,0,0,0,0,0,0,0,0,0,0,0,0,0,0,0,0,0,0,0,1.1,3.21,78.0
1617,KORA Organics,Noni Radiant Eye Oil,38.0,250,16682,4.044,0.34,1,0,0,0,0,0,0,0,0,0,0,1,0,0,0,0,0,0,0,0,0,0,0,0,0,0,0,0,0,0,0,0,0,0,0,0,1.5,1.62,111.76
1618,Peter Thomas Roth,Mega Rich Intensive Anti-Aging Cellular Eye Creme,65.0,231,8979,4.2078,0.76,0,0,0,0,0,0,0,0,0,0,0,1,0,0,0,0,0,0,0,0,0,0,0,0,0,0,0,0,0,0,0,0,0,0,0,0,2.57,1.82,85.53
1619,Wander Beauty,Baggage Claim Rose Gold Eye Masks,25.0,32,9083,4.375,,0,0,0,0,0,0,0,0,0,0,0,0,1,0,0,0,0,0,0,0,0,0,0,0,0,0,0,0,0,0,0,0,0,0,0,0,0.35,13.67,
1620,Perricone MD,Essential Fx Acyl-Glutathione Eyelid Lift Serum,122.0,132,1704,4.3182,0.5,0,0,0,0,0,0,0,0,0,0,0,1,0,0,0,0,0,0,0,0,0,0,0,0,0,0,0,0,0,0,0,0,0,0,0,0,7.75,3.27,244.0
1621,Murad,Renewing Eye Cream,82.0,191,8904,4.0942,0.5,0,0,0,0,0,0,0,0,0,0,0,1,0,0,0,0,0,0,0,0,0,0,0,0,0,0,0,0,0,0,0,0,0,0,0,0,2.15,2.14,164.0
1622,KORRES,"Black Pine 3D Sculpting, Firming & Lifting Super Eye Serum",65.0,101,7737,4.1881,0.51,1,0,0,0,0,0,0,0,0,0,0,1,0,0,0,0,0,0,0,0,0,0,0,0,0,0,0,0,0,0,0,0,0,0,0,0,1.31,4.15,127.45
1623,CLINIQUE,Repairwear Anti-Gravity Eye Lift Cream,45.0,264,9020,4.1629,0.5,0,0,0,0,0,0,0,0,0,0,0,1,0,0,0,0,0,0,0,0,0,0,0,0,0,0,0,0,0,0,0,0,0,0,0,0,2.93,1.58,90.0
1624,Shiseido,Bio-Performance LiftDynamic Eye Treatment,75.0,20,4010,3.7,0.52,0,0,0,0,0,0,0,0,0,0,0,1,0,0,0,0,0,0,0,0,0,0,0,0,0,0,0,0,0,0,0,0,0,0,0,0,0.5,18.5,144.23
1625,Dr. Brandt Skincare,Do Not Age with Dr. Brandt Triple Peptide Eye Cream,82.0,117,7073,4.2393,0.5,0,0,0,0,0,0,0,0,0,0,0,1,0,0,0,0,0,0,0,0,0,0,0,0,0,0,0,0,0,0,0,0,0,0,0,0,1.65,3.62,164.0
1626,Origins,Eye Doctor‚Ñ¢ Moisture Care For Skin Around Eyes,41.0,443,23761,4.0587,0.5,1,0,0,0,0,0,0,0,0,0,0,1,0,0,0,0,0,0,0,0,0,0,0,0,0,0,0,0,0,0,0,0,0,0,0,0,1.86,0.92,82.0
1627,Clarins,Super Restorative Total Eye Concentrate,85.0,194,8092,4.2113,0.5,0,0,0,0,0,0,0,0,0,0,0,1,0,0,0,0,0,0,0,0,0,0,0,0,0,0,0,0,0,0,0,0,0,0,0,0,2.4,2.17,170.0
1628,philosophy,anti-wrinkle miracle worker eye+ line-correcting eye cream,60.0,2,551,5.0,0.5,0,0,0,0,0,0,0,0,0,0,0,1,0,0,0,0,0,0,0,0,0,0,0,0,0,0,0,0,0,0,0,0,0,0,0,0,0.36,250.0,120.0
1629,Tata Harper,Restorative Eye Cr√®me ,98.0,73,6674,3.9452,0.5,1,0,0,0,0,0,0,0,0,0,0,1,0,0,0,0,0,0,0,0,0,0,0,0,0,0,0,0,0,0,0,0,0,0,0,0,1.09,5.4,196.0
1630,OLEHENRIKSEN,Uplifting Transformation‚Ñ¢ Eye Cr√®me,42.0,133,7789,3.9474,0.5,0,0,0,0,0,0,0,0,0,0,0,1,0,0,0,0,0,0,0,0,0,0,0,0,0,0,0,0,0,0,0,0,0,0,0,0,1.71,2.97,84.0
1631,tarte,Pack Your Bags Undereye Patches,22.0,235,37777,4.217,,0,0,0,0,0,0,0,0,0,0,0,0,1,0,0,0,0,0,0,0,0,0,0,0,0,0,0,0,0,0,0,0,0,0,0,0,0.62,1.79,
1632,Youth To The People,Superfood Peptide Eye Cream,35.0,132,15552,4.0076,0.5,1,0,0,0,0,0,0,0,0,0,0,1,0,0,0,0,0,0,0,0,0,0,0,0,0,0,0,0,0,0,0,0,0,0,0,0,0.85,3.04,70.0
1633,Perricone MD,Cold Plasma+ Eye,110.0,27,1599,4.0,0.5,0,0,0,0,0,0,0,0,0,0,0,1,0,0,0,0,0,0,0,0,0,0,0,0,0,0,0,0,0,0,0,0,0,0,0,0,1.69,14.81,220.0
1634,Lanc√¥me,R√©nergie Lift Multi-Action Eye,75.0,81,4828,3.7901,0.5,0,0,0,0,0,0,0,0,0,0,0,1,0,0,0,0,0,0,0,0,0,0,0,0,0,0,0,0,0,0,0,0,0,0,0,0,1.68,4.68,150.0
1635,Peter Thomas Roth,Potent-C‚Ñ¢ Vitamin C Power Eye Cream,65.0,279,7415,4.3477,0.5,0,0,0,0,0,0,0,0,0,0,0,1,0,0,0,0,0,0,0,0,0,0,0,0,0,0,0,0,0,0,0,0,0,0,0,0,3.76,1.56,130.0
1636,CLINIQUE,All About Eyes Serum De-Puffing Eye Massage,32.5,865,16040,3.80809999999999,0.5,0,0,0,0,0,0,0,0,0,0,0,0,1,0,0,0,0,0,0,0,0,0,0,0,0,0,0,0,0,0,0,0,0,0,0,0,5.39,0.44,65.0
1637,Fresh,Cr√®me Ancienne¬Æ Eye Cream,128.0,106,7859,4.2925,0.5,0,0,0,0,0,0,0,0,0,0,0,1,0,0,0,0,0,0,0,0,0,0,0,0,0,0,0,0,0,0,0,0,0,0,0,0,1.35,4.05,256.0
1638,Dermalogica,MultiVitamin Power Firm Eye Cream,65.0,16,1194,4.25,0.5,0,0,0,0,0,0,0,0,0,0,0,1,0,0,0,0,0,0,0,0,0,0,0,0,0,0,0,0,0,0,0,0,0,0,0,0,1.34,26.56,130.0
1639,Lanc√¥me,Advanced G√©nifique Yeux Light-Pearl‚Ñ¢ Eye Illuminator Youth Activating Concentrate ,69.0,117,9464,3.641,0.67,0,0,0,0,0,0,0,0,0,0,0,1,0,0,0,0,0,0,0,0,0,0,0,0,0,0,0,0,0,0,0,0,0,0,0,0,1.24,3.11,102.99
1640,Dermalogica,Stress Positive Eye Lift Mask ,69.0,16,2008,4.625,0.85,0,0,0,0,0,0,0,0,0,0,0,1,0,0,0,0,0,0,0,0,0,0,0,0,0,0,0,0,0,0,0,0,0,0,0,0,0.8,28.91,81.18
1641,MILK MAKEUP,Cooling Water Eye Patches,22.0,41,8353,3.8537,,0,0,0,0,0,0,0,0,0,0,0,0,1,0,0,0,0,0,0,0,0,0,0,0,0,0,0,0,0,0,0,0,0,0,0,0,0.49,9.4,
1642,Bobbi Brown,Hydrating Eye Cream,54.0,380,17924,4.1053,0.5,0,0,0,0,0,0,0,0,0,0,0,1,0,0,0,0,0,0,0,0,0,0,0,0,0,0,0,0,0,0,0,0,0,0,0,0,2.12,1.08,108.0
1643,Shiseido,White Lucent Anti-Dark Circles Eye Cream,63.0,345,10874,3.6116,0.5,0,0,0,0,0,0,0,0,0,0,0,1,0,0,0,0,0,0,0,0,0,0,0,0,0,0,0,0,0,0,0,0,0,0,0,0,3.17,1.05,126.0
1644,Mario Badescu,Hyaluronic Eye Cream,18.0,25,5928,3.84,0.5,0,0,0,0,0,0,0,0,0,0,0,1,0,0,0,0,0,0,0,0,0,0,0,0,0,0,0,0,0,0,0,0,0,0,0,0,0.42,15.36,36.0
1645,CLINIQUE,Repairwear Laser Focus Wrinkle Correcting Eye Cream,45.0,136,7865,3.8529,0.5,0,0,0,0,0,0,0,0,0,0,0,1,0,0,0,0,0,0,0,0,0,0,0,0,0,0,0,0,0,0,0,0,0,0,0,0,1.73,2.83,90.0
1646,Dr. Dennis Gross Skincare,Vitamin C+ Collagen Brighten & Firm Eye Cream,65.0,48,6425,3.4792,0.5,0,0,0,0,0,0,0,0,0,0,0,1,0,0,0,0,0,0,0,0,0,0,0,0,0,0,0,0,0,0,0,0,0,0,0,0,0.75,7.25,130.0
1647,First Aid Beauty,Eye Duty Triple Remedy A.M. Gel Cream,36.0,164,19611,4.0488,0.5,0,0,0,0,0,0,0,0,0,0,0,1,0,0,0,0,0,0,0,0,0,0,0,0,0,0,0,0,0,0,0,0,0,0,0,0,0.84,2.47,72.0
1649,Dr. Dennis Gross Skincare,Ferulic + Retinol Eye Cream,69.0,48,4601,3.3958,0.5,0,0,0,0,0,0,0,0,0,0,0,1,0,0,0,0,0,0,0,0,0,0,0,0,0,0,0,0,0,0,0,0,0,0,0,0,1.04,7.07,138.0
1650,AMOREPACIFIC,Intensive Vitalizing Eye Essence,95.0,74,5499,3.9595,0.5,0,0,0,0,0,0,0,0,0,0,0,1,0,0,0,0,0,0,0,0,0,0,0,0,0,0,0,0,0,0,0,0,0,0,0,0,1.35,5.35,190.0
1651,Lancer,Eye Contour Lifting Cream with Diamond Powder,95.0,174,5272,4.3736,0.5,0,0,0,0,0,0,0,0,0,0,0,1,0,0,0,0,0,0,0,0,0,0,0,0,0,0,0,0,0,0,0,0,0,0,0,0,3.3,2.51,190.0
1652,Kate Somerville,Retinol Firming Eye Cream,85.0,100,12629,3.59,0.5,0,0,0,0,0,0,0,0,0,0,0,1,0,0,0,0,0,0,0,0,0,0,0,0,0,0,0,0,0,0,0,0,0,0,0,0,0.79,3.59,170.0
1653,Kiehl's Since 1851,Eye Fuel,22.5,8,2391,4.125,0.5,0,0,0,0,0,0,0,0,0,0,0,1,0,0,0,0,0,0,0,0,0,0,0,0,0,0,0,0,0,0,0,0,0,0,0,0,0.33,51.56,45.0
1654,Murad,Eye Lift Firming Treatment,70.0,112,7875,3.9554,1.0,0,0,0,0,0,0,0,0,0,0,0,1,0,0,0,0,0,0,0,0,0,0,0,0,0,0,0,0,0,0,0,0,0,0,0,0,1.42,3.53,70.0
1655,Algenist,POWER Advanced Wrinkle Fighter 360¬∞ Eye Serum,70.0,64,6392,4.0938,0.5,0,0,0,0,0,0,0,0,0,0,0,1,0,0,0,0,0,0,0,0,0,0,0,0,0,0,0,0,0,0,0,0,0,0,0,0,1.0,6.4,140.0
1656,Kopari,Starry Eye Balm,28.0,21,5160,4.0952,,1,0,0,0,0,0,0,0,0,0,0,1,0,0,0,0,0,0,0,0,0,0,0,0,0,0,0,0,0,0,0,0,0,0,0,0,0.41,19.5,
1657,GLAMGLOW,EYEBOOST‚Ñ¢ Reviving Eye Mask,8.0,3,2192,4.3333,,0,0,0,0,0,0,0,0,0,0,0,0,1,0,0,0,0,0,0,0,0,0,0,0,0,0,0,0,0,0,0,0,0,0,0,0,0.14,144.44,
1658,First Aid Beauty,Detox Eye Roller,26.0,549,13993,3.408,0.28,0,0,0,0,0,0,0,0,0,0,0,1,0,0,0,0,0,0,0,0,0,0,0,0,0,0,0,0,0,0,0,0,0,0,0,0,3.92,0.62,92.86
1659,Fresh,Lotus Eye Gel,48.0,615,14027,3.8439,0.5,0,0,0,0,0,0,0,0,0,0,0,1,0,0,0,0,0,0,0,0,0,0,0,0,0,0,0,0,0,0,0,0,0,0,0,0,4.38,0.63,96.0
1660,Caudalie,Premier Cru Eye Cream,99.0,91,4524,3.4505,0.5,1,0,0,0,0,0,0,0,0,0,0,1,0,0,0,0,0,0,0,0,0,0,0,0,0,0,0,0,0,0,0,0,0,0,0,0,2.01,3.79,198.0
1661,Est√©e Lauder,Advanced Night Repair Eye Concentrate Matrix,69.0,19,3281,3.1053,0.5,0,0,0,0,0,0,0,0,0,0,0,1,0,0,0,0,0,0,0,0,0,0,0,0,0,0,0,0,0,0,0,0,0,0,0,0,0.58,16.34,138.0
1662,Shiseido,Future Solution LX Eye and Lip Contour Regenerating Cream,153.0,22,3128,3.8636,0.61,0,0,0,0,0,0,0,0,0,0,0,1,0,0,0,0,0,0,0,0,0,0,0,0,0,0,0,0,0,0,0,0,0,0,0,0,0.7,17.56,250.82
1663,First Aid Beauty,5 in 1 Eye Cream,32.0,274,18754,3.8796,0.5,0,0,0,0,0,0,0,0,0,0,0,1,0,0,0,0,0,0,0,0,0,0,0,0,0,0,0,0,0,0,0,0,0,0,0,0,1.46,1.42,64.0
1664,Shiseido,Sun Protection Eye Cream Broad Spectrum SPF 34 Sunscreen,34.0,57,6821,4.3684,0.6,0,0,0,0,0,0,0,0,0,0,0,1,0,0,0,0,0,0,0,0,0,0,0,0,0,0,0,0,0,0,0,0,0,0,0,0,0.84,7.66,56.67
1665,Origins,Plantscription‚Ñ¢ Anti-Aging Eye Treatment,48.0,157,8304,4.0892,0.5,1,0,0,0,0,0,0,0,0,0,0,1,0,0,0,0,0,0,0,0,0,0,0,0,0,0,0,0,0,0,0,0,0,0,0,0,1.89,2.6,96.0
1666,Obagi Clinical,Kinetin+ Hydrating Eye Cream,65.0,107,2327,4.4112,0.5,0,0,0,0,0,0,0,0,0,0,0,1,0,0,0,0,0,0,0,0,0,0,0,0,0,0,0,0,0,0,0,0,0,0,0,0,4.6,4.12,130.0
1667,Guerlain,Orchid√©e Imp√©riale Eye Serum,230.0,3,1024,5.0,0.5,0,0,0,0,0,0,0,0,0,0,0,1,0,0,0,0,0,0,0,0,0,0,0,0,0,0,0,0,0,0,0,0,0,0,0,0,0.29,166.67,460.0
1668,Peter Thomas Roth,Instant FIRMx Eye‚Ñ¢,38.0,383,5774,3.5692,1.0,0,0,0,0,0,0,0,0,0,0,0,0,1,0,0,0,0,0,0,0,0,0,0,0,0,0,0,0,0,0,0,0,0,0,0,0,6.63,0.93,38.0
1669,Origins,Plantscription‚Ñ¢ Anti-Aging Power Eye Cream,49.0,108,9167,3.7963,0.5,1,0,0,0,0,0,0,0,0,0,0,1,0,0,0,0,0,0,0,0,0,0,0,0,0,0,0,0,0,0,0,0,0,0,0,0,1.18,3.52,98.0
1670,First Aid Beauty,Eye Duty Triple Remedy Overnight Balm,38.0,171,11058,3.655,0.5,0,0,0,0,0,0,0,0,0,0,0,0,1,0,0,0,0,0,0,0,0,0,0,0,0,0,0,0,0,0,0,0,0,0,0,0,1.55,2.14,76.0
1671,BeautyBio,Bright Eyes Collagen-Infused Brightening Colloidal Silver Eye Masks,40.0,25,2907,3.84,,0,0,0,0,0,0,0,0,0,0,0,0,1,0,0,0,0,0,0,0,0,0,0,0,0,0,0,0,0,0,0,0,0,0,0,0,0.86,15.36,
1672,Naturally Serious,Zero Baggage Anti-Dark Circle Eye Cream,44.0,23,2425,3.3913,0.67,1,0,0,0,0,0,0,0,0,0,0,1,0,0,0,0,0,0,0,0,0,0,0,0,0,0,0,0,0,0,0,0,0,0,0,0,0.95,14.74,65.67
1673,Dr Roebuck's,Down Under Collagen Boosting Eye Treatment,38.0,73,6557,3.7808,0.5,1,0,0,0,0,0,0,0,0,0,0,1,0,0,0,0,0,0,0,0,0,0,0,0,0,0,0,0,0,0,0,0,0,0,0,0,1.11,5.18,76.0
1674,Tatcha,Luminous Deep Hydration Revitalizing Eye Mask,12.0,51,14555,3.6667,,1,0,0,0,0,0,0,0,0,0,0,0,1,0,0,0,0,0,0,0,0,0,0,0,0,0,0,0,0,0,0,0,0,0,0,0,0.35,7.19,
1675,bareMinerals,SKINLONGEVITY‚Ñ¢ Vital Power Eye Gel Cream,32.0,35,5375,3.8857,0.5,0,0,0,0,0,0,0,0,0,0,0,1,0,0,0,0,0,0,0,0,0,0,0,0,0,0,0,0,0,0,0,0,0,0,0,0,0.65,11.1,64.0
1676,Dr. Dennis Gross Skincare,Hyaluronic Marine Dew It Right Eye Gel,48.0,72,8609,3.8056,0.5,0,0,0,0,0,0,0,0,0,0,0,1,0,0,0,0,0,0,0,0,0,0,0,0,0,0,0,0,0,0,0,0,0,0,0,0,0.84,5.29,96.0
1677,Algenist,GENIUS Ultimate Anti-Aging Eye Cream,74.0,92,4495,3.6957,0.5,0,0,0,0,0,0,0,0,0,0,0,1,0,0,0,0,0,0,0,0,0,0,0,0,0,0,0,0,0,0,0,0,0,0,0,0,2.05,4.02,148.0
1678,Erno Laszlo,Multi-Task Eye Serum Mask,35.0,20,4893,4.3,,0,0,0,0,0,0,0,0,0,0,0,0,1,0,0,0,0,0,0,0,0,0,0,0,0,0,0,0,0,0,0,0,0,0,0,0,0.41,21.5,
1679,Perricone MD,High Potency Classics: Firming Eye Lift,72.0,245,947,4.2857,0.5,0,0,0,0,0,0,0,0,0,0,0,1,0,0,0,0,0,0,0,0,0,0,0,0,0,0,0,0,0,0,0,0,0,0,0,0,25.87,1.75,144.0
1680,Murad,Essential-C Eye Cream SPF 15 PA++,70.0,247,6096,3.996,0.5,0,0,0,0,0,0,0,0,0,0,0,1,0,0,0,0,0,0,0,0,0,0,0,0,0,0,0,0,0,0,0,0,0,0,0,0,4.05,1.62,140.0
1681,AMOREPACIFIC,TIME RESPONSE Eye Reserve Cr√®me,260.0,7,545,4.8571,0.5,0,0,0,0,0,0,0,0,0,0,0,1,0,0,0,0,0,0,0,0,0,0,0,0,0,0,0,0,0,0,0,0,0,0,0,0,1.28,69.39,520.0
1682,CLINIQUE,Clinique Smart Custom-Repair Eye Treatment,50.0,32,2235,3.5,0.5,0,0,0,0,0,0,0,0,0,0,0,1,0,0,0,0,0,0,0,0,0,0,0,0,0,0,0,0,0,0,0,0,0,0,0,0,1.43,10.94,100.0
1683,Shiseido,Ultimune Eye Power Infusing Eye Concentrate,67.0,71,8887,3.8732,0.54,0,0,0,0,0,0,0,0,0,0,0,1,0,0,0,0,0,0,0,0,0,0,0,0,0,0,0,0,0,0,0,0,0,0,0,0,0.8,5.46,124.07
1684,Peter Thomas Roth,Un-Wrinkle Eye,100.0,92,2921,3.8478,0.5,0,0,0,0,0,0,0,0,0,0,0,1,0,0,0,0,0,0,0,0,0,0,0,0,0,0,0,0,0,0,0,0,0,0,0,0,3.15,4.18,200.0
1685,REN Clean Skincare,Keep Young And Beautiful‚Ñ¢ Instant Brightening Beauty Shot Eye Lift,45.0,60,4996,3.6333,0.5,1,0,0,0,0,0,0,0,0,0,0,1,0,0,0,0,0,0,0,0,0,0,0,0,0,0,0,0,0,0,0,0,0,0,0,0,1.2,6.06,90.0
1686,CLINIQUE,Moisture Surge Eye 96-Hour Hydro-Filler Concentrate,35.0,4,308,3.25,0.5,0,0,0,0,0,0,0,0,0,0,0,1,0,0,0,0,0,0,0,0,0,0,0,0,0,0,0,0,0,0,0,0,0,0,0,0,1.3,81.25,70.0
1687,Fresh,Lotus Youth Preserve Eye Cream,45.0,134,9383,3.4776,0.5,0,0,0,0,0,0,0,0,0,0,0,1,0,0,0,0,0,0,0,0,0,0,0,0,0,0,0,0,0,0,0,0,0,0,0,0,1.43,2.6,90.0
1688,Charlotte Tilbury,Magic Eye Rescue Cream,60.0,21,4254,3.7143,0.51,0,0,0,0,0,0,0,0,0,0,0,1,0,0,0,0,0,0,0,0,0,0,0,0,0,0,0,0,0,0,0,0,0,0,0,0,0.49,17.69,117.65
1689,Dr. Dennis Gross Skincare,SpectraLite EyeCare Pro LED Device,159.0,31,5590,3.7742,,0,0,0,0,0,0,0,0,0,0,0,0,0,0,0,0,0,0,0,0,0,0,0,0,0,0,0,0,0,0,0,0,0,0,1,0,0.55,12.17,
1690,philosophy,A Glowing Regimen Trial Set,34.0,14,6526,4.7143,,0,0,0,0,0,0,0,0,0,0,0,0,0,0,0,0,0,0,0,0,0,0,0,0,0,0,0,0,0,0,0,0,0,0,0,1,0.21,33.67,
1691,Lanc√¥me,Visionnaire Eye Cream Advanced Multi-Correcting Eye Balm,65.0,387,4072,3.9276,0.5,0,0,0,0,0,0,0,0,0,0,0,1,0,0,0,0,0,0,0,0,0,0,0,0,0,0,0,0,0,0,0,0,0,0,0,0,9.5,1.01,130.0
1692,Perricone MD,Essential Fx Acyl-Glutathione Smoothing & Brightening Under-Eye Cream,122.0,170,2340,4.5588,0.5,0,0,0,0,0,0,0,0,0,0,0,1,0,0,0,0,0,0,0,0,0,0,0,0,0,0,0,0,0,0,0,0,0,0,0,0,7.26,2.68,244.0
1693,Dr. Brandt Skincare,24/7 Retinol Eye Cream,55.0,42,6409,3.4286,0.5,0,0,0,0,0,0,0,0,0,0,0,1,0,0,0,0,0,0,0,0,0,0,0,0,0,0,0,0,0,0,0,0,0,0,0,0,0.66,8.16,110.0
1694,Kate Somerville,Goat Milk De-Puffing Eye Balm,38.0,142,7443,3.8662,0.3,0,0,0,0,0,0,0,0,0,0,0,1,0,0,0,0,0,0,0,0,0,0,0,0,0,0,0,0,0,0,0,0,0,0,0,0,1.91,2.72,126.67
1695,Murad,Hydro-Dynamic¬Æ Ultimate Moisture For Eyes,70.0,76,2952,4.1447,0.5,0,0,0,0,0,0,0,0,0,0,0,1,0,0,0,0,0,0,0,0,0,0,0,0,0,0,0,0,0,0,0,0,0,0,0,0,2.57,5.45,140.0
1696,Skinfix,Redness Recovery+ Antioxidant Eye Treatment,48.0,4,462,4.0,0.5,1,0,0,0,0,0,0,0,0,0,0,1,0,0,0,0,0,0,0,0,0,0,0,0,0,0,0,0,0,0,0,0,0,0,0,0,0.87,100.0,96.0
1697,Kiehl's Since 1851,Youth Dose Eye Treatment,39.0,39,3773,2.7436,0.5,0,0,0,0,0,0,0,0,0,0,0,1,0,0,0,0,0,0,0,0,0,0,0,0,0,0,0,0,0,0,0,0,0,0,0,0,1.03,7.03,78.0
1698,Dermalogica,Age Reversal Eye Complex,80.0,7,524,4.0,0.5,0,0,0,0,0,0,0,0,0,0,0,1,0,0,0,0,0,0,0,0,0,0,0,0,0,0,0,0,0,0,0,0,0,0,0,0,1.34,57.14,160.0
1699,Clarisonic,Sonic Awakening Eye Massager,59.0,6,2504,4.3333,,0,0,0,0,0,0,0,0,0,0,0,0,0,0,0,0,0,0,0,0,0,0,0,0,0,0,0,0,0,0,0,0,0,0,1,0,0.24,72.22,
1700,BeautyBio,GloPRO¬Æ EYE MicroTip‚Ñ¢ Attachment Head,35.0,2,1654,4.5,,0,0,0,0,0,0,0,0,0,0,0,0,0,0,0,0,0,0,0,0,0,0,0,0,0,0,0,0,0,0,0,0,0,0,1,0,0.12,225.0,
1701,Est√©e Lauder,Advanced Night Repair Eye Serum Synchronized Complex II,66.0,41,5013,3.4878,0.5,0,0,0,0,0,0,0,0,0,0,0,1,0,0,0,0,0,0,0,0,0,0,0,0,0,0,0,0,0,0,0,0,0,0,0,0,0.82,8.51,132.0
1702,Edible Beauty,Gold Rush Eye Balm,65.0,57,5943,4.2105,0.3,1,0,0,0,0,0,0,0,0,0,0,1,0,0,0,0,0,0,0,0,0,0,0,0,0,0,0,0,0,0,0,0,0,0,0,0,0.96,7.39,216.67
1703,Kiehl's Since 1851,Super Multi-Corrective Eye-Opening Serum,48.0,16,3080,3.8125,0.5,0,0,0,0,0,0,0,0,0,0,0,1,0,0,0,0,0,0,0,0,0,0,0,0,0,0,0,0,0,0,0,0,0,0,0,0,0.52,23.83,96.0
1704,Peter Thomas Roth,Retinol Fusion PM Eye Cream,55.0,42,4215,3.7381,0.5,0,0,0,0,0,0,0,0,0,0,0,1,0,0,0,0,0,0,0,0,0,0,0,0,0,0,0,0,0,0,0,0,0,0,0,0,1.0,8.9,110.0
1705,Perricone MD,No Makeup Concealer Broad Spectrum SPF 20,35.0,176,6776,3.8125,0.3,0,0,0,0,0,0,0,0,0,0,0,1,0,0,0,0,0,0,0,0,0,0,0,0,0,0,0,0,0,0,0,0,0,0,0,0,2.6,2.17,116.67
1706,Dior,Capture Totale Multi-Perfection Eye Treatment,105.0,20,1361,3.5,0.5,0,0,0,0,0,0,0,0,0,0,0,1,0,0,0,0,0,0,0,0,0,0,0,0,0,0,0,0,0,0,0,0,0,0,0,0,1.47,17.5,210.0
1707,philosophy,Hope In A Tube Eye & Lip Cream,38.0,735,7993,4.1918,0.5,0,0,0,0,0,0,0,0,0,0,0,1,0,0,0,0,0,0,0,0,0,0,0,0,0,0,0,0,0,0,0,0,0,0,0,0,9.2,0.57,76.0
1708,CLINIQUE,Even Better Eyes Dark Circle Corrector,42.0,369,13175,3.2575,0.34,0,0,0,0,0,0,0,0,0,0,0,1,0,0,0,0,0,0,0,0,0,0,0,0,0,0,0,0,0,0,0,0,0,0,0,0,2.8,0.88,123.53
1709,Origins,No Puffery‚Ñ¢ Cooling Roll-On For Puffy Eyes,29.0,110,10242,3.4364,0.5,1,0,0,0,0,0,0,0,0,0,0,1,0,0,0,0,0,0,0,0,0,0,0,0,0,0,0,0,0,0,0,0,0,0,0,0,1.07,3.12,58.0
1710,Shiseido,Bio Performance Glow Revival Eye Treatment,70.0,21,2851,4.0476,0.54,0,0,0,0,0,0,0,0,0,0,0,1,0,0,0,0,0,0,0,0,0,0,0,0,0,0,0,0,0,0,0,0,0,0,0,0,0.74,19.27,129.63
1711,Obagi Clinical,Vitamin C Eye Brightener,60.0,69,2348,4.2899,0.5,0,0,0,0,0,0,0,0,0,0,0,1,0,0,0,0,0,0,0,0,0,0,0,0,0,0,0,0,0,0,0,0,0,0,0,0,2.94,6.22,120.0
1712,Anthony,High Performance Continuous Moisture Eye Cream,38.0,35,2670,4.2857,0.75,0,0,0,0,0,0,0,0,0,0,0,1,0,0,0,0,0,0,0,0,0,0,0,0,0,0,0,0,0,0,0,0,0,0,0,0,1.31,12.24,50.67
1713,Klorane,Smoothing and Relaxing Patches with Soothing Cornflower,24.0,117,4972,3.9402,,0,0,0,0,0,0,0,0,0,0,0,0,1,0,0,0,0,0,0,0,0,0,0,0,0,0,0,0,0,0,0,0,0,0,0,0,2.35,3.37,
1714,Fresh,Cr√®me Ancienne Supreme Eye Serum,168.0,5,1851,4.0,0.5,0,0,0,0,0,0,0,0,0,0,0,1,0,0,0,0,0,0,0,0,0,0,0,0,0,0,0,0,0,0,0,0,0,0,0,0,0.27,80.0,336.0
1716,Indie Lee,I-Waken Eye Serum,48.0,18,4511,4.0,0.5,1,0,0,0,0,0,0,0,0,0,0,1,0,0,0,0,0,0,0,0,0,0,0,0,0,0,0,0,0,0,0,0,0,0,0,0,0.4,22.22,96.0
1717,Kiehl's Since 1851,Powerful Wrinkle Reducing Eye Cream,43.0,22,3241,3.9091,0.5,0,0,0,0,0,0,0,0,0,0,0,1,0,0,0,0,0,0,0,0,0,0,0,0,0,0,0,0,0,0,0,0,0,0,0,0,0.68,17.77,86.0
1718,Kate Somerville,Wrinkle Warrior¬Æ Eye Gel Visible Dark Circle Eraser,60.0,67,3281,2.9701,0.3,0,0,0,0,0,0,0,0,0,0,0,1,0,0,0,0,0,0,0,0,0,0,0,0,0,0,0,0,0,0,0,0,0,0,0,0,2.04,4.43,200.0
1719,Kate Somerville,Age Arrest Eye Cream,75.0,42,2591,3.6429,0.5,0,0,0,0,0,0,0,0,0,0,0,1,0,0,0,0,0,0,0,0,0,0,0,0,0,0,0,0,0,0,0,0,0,0,0,0,1.62,8.67,150.0
1720,Dior,One Essential Eye Serum,72.0,17,4064,4.2941,0.5,0,0,0,0,0,0,0,0,0,0,0,1,0,0,0,0,0,0,0,0,0,0,0,0,0,0,0,0,0,0,0,0,0,0,0,0,0.42,25.26,144.0
1721,Skin Inc Supplement Bar,Vitamin A Serum EVEN TONE & REDUCE DARK CIRCLES,35.0,21,5254,3.5238,0.34,0,0,0,0,0,0,0,0,0,0,0,1,0,0,0,0,0,0,0,0,0,0,0,0,0,0,0,0,0,0,0,0,0,0,0,0,0.4,16.78,102.94
1722,Dr. Jart+,Water Fuse Hydro Soothe Eye Gel,42.0,49,6325,3.6122,0.7,0,0,0,0,0,0,0,0,0,0,0,1,0,0,0,0,0,0,0,0,0,0,0,0,0,0,0,0,0,0,0,0,0,0,0,0,0.77,7.37,60.0
1723,REN Clean Skincare,Keep Young and Beautiful Anti-Ageing Eye Cream,42.0,53,3332,3.6981,0.5,1,0,0,0,0,0,0,0,0,0,0,1,0,0,0,0,0,0,0,0,0,0,0,0,0,0,0,0,0,0,0,0,0,0,0,0,1.59,6.98,84.0
1724,philosophy,Ultimate Miracle Worker Eye Cream,70.0,31,2384,3.96769999999999,0.5,0,0,0,0,0,0,0,0,0,0,0,1,0,0,0,0,0,0,0,0,0,0,0,0,0,0,0,0,0,0,0,0,0,0,0,0,1.3,12.8,140.0
1725,philosophy,Renewed Hope In A Jar Eye,51.0,80,2981,3.725,0.5,0,0,0,0,0,0,0,0,0,0,0,1,0,0,0,0,0,0,0,0,0,0,0,0,0,0,0,0,0,0,0,0,0,0,0,0,2.68,4.66,102.0
1726,Foreo,IRIS‚Ñ¢ Illuminating Eye Massager,139.0,46,5356,3.5652,,0,0,0,0,0,0,0,0,0,0,0,0,0,0,0,0,0,0,0,0,0,0,0,0,0,0,0,0,0,0,0,0,0,0,1,0,0.86,7.75,
1727,NARS,Total Replenishing Eye Cream,58.0,14,2685,3.2857,0.52,0,0,0,0,0,0,0,0,0,0,0,1,0,0,0,0,0,0,0,0,0,0,0,0,0,0,0,0,0,0,0,0,0,0,0,0,0.52,23.47,111.54
1728,DERMAdoctor,Wrinkle Revenge Eye Balm,50.0,378,6263,4.0635,0.5,0,0,0,0,0,0,0,0,0,0,0,1,0,0,0,0,0,0,0,0,0,0,0,0,0,0,0,0,0,0,0,0,0,0,0,0,6.04,1.08,100.0
1729,SK-II,Ultimate Revival Eye Cream,195.0,5,772,2.8,0.52,0,0,0,0,0,0,0,0,0,0,0,1,0,0,0,0,0,0,0,0,0,0,0,0,0,0,0,0,0,0,0,0,0,0,0,0,0.65,56.0,375.0
1730,Shiseido,Benefiance NutriPerfect Eye Serum,78.0,12,1459,4.0,0.53,0,0,0,0,0,0,0,0,0,0,0,1,0,0,0,0,0,0,0,0,0,0,0,0,0,0,0,0,0,0,0,0,0,0,0,0,0.82,33.33,147.17
1731,Algenist,ELEVATE Firming & Lifting Contouring Eye Cream,72.0,21,825,3.0,0.5,0,0,0,0,0,0,0,0,0,0,0,1,0,0,0,0,0,0,0,0,0,0,0,0,0,0,0,0,0,0,0,0,0,0,0,0,2.55,14.29,144.0
1732,Guerlain,Orchidee Imperiale The Eye and Lip Contour Cream,200.0,6,586,3.3333,0.5,0,0,0,0,0,0,0,0,0,0,0,1,0,0,0,0,0,0,0,0,0,0,0,0,0,0,0,0,0,0,0,0,0,0,0,0,1.02,55.56,400.0
1733,Perricone MD,Vitamin C Ester Brightening Eye Serum,60.0,320,3109,4.0938,0.5,0,0,0,0,0,0,0,0,0,0,0,1,0,0,0,0,0,0,0,0,0,0,0,0,0,0,0,0,0,0,0,0,0,0,0,0,10.29,1.28,120.0
1734,Perricone MD,Neuropeptide Firming & Illuminating Under-Eye Cream,170.0,4,1379,4.5,0.5,0,0,0,0,0,0,0,0,0,0,0,1,0,0,0,0,0,0,0,0,0,0,0,0,0,0,0,0,0,0,0,0,0,0,0,0,0.29,112.5,340.0
1735,bareMinerals,BRILLIANT FUTURE‚Ñ¢ Age Defense & Renew Eye Cream,38.0,17,2442,3.4706,0.5,0,0,0,0,0,0,0,0,0,0,0,0,1,0,0,0,0,0,0,0,0,0,0,0,0,0,0,0,0,0,0,0,0,0,0,0,0.7,20.42,76.0
1736,Est√©e Lauder,Advanced Night Repair Concentrated Recovery Eye Mask,46.0,5,5531,3.4,,0,0,0,0,0,0,0,0,0,0,0,1,0,0,0,0,0,0,0,0,0,0,0,0,0,0,0,0,0,0,0,0,0,0,0,0,0.09,68.0,
1737,Est√©e Lauder,Revitalizing Supreme Global Anti-Aging Eye Balm,62.0,8,701,3.875,0.5,0,0,0,0,0,0,0,0,0,0,0,1,0,0,0,0,0,0,0,0,0,0,0,0,0,0,0,0,0,0,0,0,0,0,0,0,1.14,48.44,124.0
1738,philosophy,Time In A Bottle For Eyes 100% In-Control,65.0,9,2077,3.5556,0.5,0,0,0,0,0,0,0,0,0,0,0,1,0,0,0,0,0,0,0,0,0,0,0,0,0,0,0,0,0,0,0,0,0,0,0,0,0.43,39.51,130.0
1739,Dior,Capture Youth Age-Delay Advanced Eye Treatment,75.0,3,505,3.3333,1.0,0,0,0,0,0,0,0,0,0,0,0,1,0,0,0,0,0,0,0,0,0,0,0,0,0,0,0,0,0,0,0,0,0,0,0,0,0.59,111.11,75.0
1740,Eve Lom,Radiance Antioxidant Eye Cream,75.0,1,339,4.0,0.5,0,0,0,0,0,0,0,0,0,0,0,1,0,0,0,0,0,0,0,0,0,0,0,0,0,0,0,0,0,0,0,0,0,0,0,0,0.29,400.0,150.0
1741,Kate Somerville,Line Release Under Eye Repair Cream,125.0,66,2656,3.9091,0.5,0,0,0,0,0,0,0,0,0,0,0,1,0,0,0,0,0,0,0,0,0,0,0,0,0,0,0,0,0,0,0,0,0,0,0,0,2.48,5.92,250.0
1742,Omorovicza,Reviving Eye Cream,145.0,16,1679,3.75,0.5,1,0,0,0,0,0,0,0,0,0,0,1,0,0,0,0,0,0,0,0,0,0,0,0,0,0,0,0,0,0,0,0,0,0,0,0,0.95,23.44,290.0
1743,Est√©e Lauder,Advanced Time Zone Age Reversing Line/Wrinkle Eye Creme,64.0,6,1004,3.5,0.5,0,0,0,0,0,0,0,0,0,0,0,1,0,0,0,0,0,0,0,0,0,0,0,0,0,0,0,0,0,0,0,0,0,0,0,0,0.6,58.33,128.0
1744,Tata Harper,Illuminating Eye Cr√®me,105.0,39,2317,3.0513,0.5,1,0,0,0,0,0,0,0,0,0,0,1,0,0,0,0,0,0,0,0,0,0,0,0,0,0,0,0,0,0,0,0,0,0,0,0,1.68,7.82,210.0
1745,philosophy,Ultimate Miracle Worker Fix Eye Power-Treatment,68.0,15,1520,4.0,0.5,0,0,0,0,0,0,0,0,0,0,0,1,0,0,0,0,0,0,0,0,0,0,0,0,0,0,0,0,0,0,0,0,0,0,0,0,0.99,26.67,136.0
1746,Origins,Dr. Andrew Weil for Origins‚Ñ¢ Mega-Bright Dark Circle Minimizer,46.0,129,4887,3.1938,0.5,1,0,0,0,0,0,0,0,0,0,0,1,0,0,0,0,0,0,0,0,0,0,0,0,0,0,0,0,0,0,0,0,0,0,0,0,2.64,2.48,92.0
1747,Lanc√¥me,ABSOLUE PREMIUM Bx - Absolute Replenishing Eye Cream,110.0,26,1389,3.8846,0.5,0,0,0,0,0,0,0,0,0,0,0,1,0,0,0,0,0,0,0,0,0,0,0,0,0,0,0,0,0,0,0,0,0,0,0,0,1.87,14.94,220.0
1748,Origins,A Perfect World‚Ñ¢ SPF 20 Age-Defense Eye Cream with White Tea,41.0,44,4205,3.9318,0.5,1,0,0,0,0,0,0,0,0,0,0,1,0,0,0,0,0,0,0,0,0,0,0,0,0,0,0,0,0,0,0,0,0,0,0,0,1.05,8.94,82.0
1749,belif,Peat Miracle Revital Eye Cream,58.0,127,12940,4.2598,0.84,0,0,0,0,0,0,0,0,0,0,0,1,0,0,0,0,0,0,0,0,0,0,0,0,0,0,0,0,0,0,0,0,0,0,0,0,0.98,3.35,69.05
1750,KORRES,"Black Pine 3D Sculpting, Firming & Lifting Eye Cream",56.0,20,2314,3.95,0.51,1,0,0,0,0,0,0,0,0,0,0,1,0,0,0,0,0,0,0,0,0,0,0,0,0,0,0,0,0,0,0,0,0,0,0,0,0.86,19.75,109.8
1751,Dior,Hydra Life Cooling Hydration Sorbet Eye Gel,55.0,14,2515,3.8571,0.5,0,0,0,0,0,0,0,0,0,0,0,1,0,0,0,0,0,0,0,0,0,0,0,0,0,0,0,0,0,0,0,0,0,0,0,0,0.56,27.55,110.0
1752,Shiseido,Essential Energy Eye Definer,42.0,2,399,4.0,0.55,0,0,0,0,0,0,0,0,0,0,0,1,0,0,0,0,0,0,0,0,0,0,0,0,0,0,0,0,0,0,0,0,0,0,0,0,0.5,200.0,76.36
1753,Clarins,Multi-Active Eye,46.0,17,1872,3.5294,0.5,0,0,0,0,0,0,0,0,0,0,0,1,0,0,0,0,0,0,0,0,0,0,0,0,0,0,0,0,0,0,0,0,0,0,0,0,0.91,20.76,92.0
1754,DERMAdoctor,Kakadu C‚Ñ¢ Eye Souffl√©,68.0,36,2906,3.8056,0.5,0,0,0,0,0,0,0,0,0,0,0,1,0,0,0,0,0,0,0,0,0,0,0,0,0,0,0,0,0,0,0,0,0,0,0,0,1.24,10.57,136.0
1755,DERMAdoctor,Photo Dynamic Therapy Energizing Eye Renewal Cream,65.0,61,1600,3.918,0.5,0,0,0,0,0,0,0,0,0,0,0,1,0,0,0,0,0,0,0,0,0,0,0,0,0,0,0,0,0,0,0,0,0,0,0,0,3.81,6.42,130.0
1756,L'Occitane,Immortelle Eye Balm,45.0,216,5019,4.1435,0.5,0,0,0,0,0,0,0,0,0,0,0,1,0,0,0,0,0,0,0,0,0,0,0,0,0,0,0,0,0,0,0,0,0,0,0,0,4.3,1.92,90.0
1757,Lanc√¥me,√ânergie de Vie The Illuminating & Anti-Fatigue Cooling Eye Gel,42.0,46,3549,3.5217,0.5,0,0,0,0,0,0,0,0,0,0,0,1,0,0,0,0,0,0,0,0,0,0,0,0,0,0,0,0,0,0,0,0,0,0,0,0,1.3,7.66,84.0
1758,First Aid Beauty,Hello FAB Kona Eye Stick,24.0,87,4752,3.3333,0.13,0,0,0,0,0,0,0,0,0,0,0,1,0,0,0,0,0,0,0,0,0,0,0,0,0,0,0,0,0,0,0,0,0,0,0,0,1.83,3.83,184.62
1759,Skin Laundry,Wrinkle Release Eye Cream with Peptides,30.0,9,2116,3.7778,0.5,0,0,0,0,0,0,0,0,0,0,0,1,0,0,0,0,0,0,0,0,0,0,0,0,0,0,0,0,0,0,0,0,0,0,0,0,0.43,41.98,60.0
1760,L'Occitane,Divine Eyes,80.0,16,1465,3.6875,0.5,0,0,0,0,0,0,0,0,0,0,0,1,0,0,0,0,0,0,0,0,0,0,0,0,0,0,0,0,0,0,0,0,0,0,0,0,1.09,23.05,160.0
1762,Clarins,Eye Contour Gel,42.0,97,2645,3.7835,0.7,0,0,0,0,0,0,0,0,0,0,0,1,0,0,0,0,0,0,0,0,0,0,0,0,0,0,0,0,0,0,0,0,0,0,0,0,3.67,3.9,60.0
1763,Kiehl's Since 1851,Powerful-Strength Line-Reducing Eye-Brightening Concentrate,44.0,12,2019,3.1667,0.5,0,0,0,0,0,0,0,0,0,0,0,1,0,0,0,0,0,0,0,0,0,0,0,0,0,0,0,0,0,0,0,0,0,0,0,0,0.59,26.39,88.0
1764,Est√©e Lauder,DayWear Eye Cooling Anti-Oxidant Moisture GelCreme,40.0,4,803,3.75,0.5,0,0,0,0,0,0,0,0,0,0,0,1,0,0,0,0,0,0,0,0,0,0,0,0,0,0,0,0,0,0,0,0,0,0,0,0,0.5,93.75,80.0
1765,boscia,Sake Brightening Bio-Cellulose Eye Masks,15.0,36,1382,1.8333,,0,0,0,0,0,0,0,0,0,0,0,0,1,0,0,0,0,0,0,0,0,0,0,0,0,0,0,0,0,0,0,0,0,0,0,0,2.6,5.09,
1766,philosophy,Take a Deep Breath Oxygenating Eye Gel Cream,42.0,21,1732,4.1429,0.5,0,0,0,0,0,0,0,0,0,0,0,1,0,0,0,0,0,0,0,0,0,0,0,0,0,0,0,0,0,0,0,0,0,0,0,0,1.21,19.73,84.0
1767,Dr. Brandt Skincare,Xtend Your Youth Eye Cream,46.0,21,983,2.9524,0.5,0,0,0,0,0,0,0,0,0,0,0,1,0,0,0,0,0,0,0,0,0,0,0,0,0,0,0,0,0,0,0,0,0,0,0,0,2.14,14.06,92.0
1768,philosophy,Purity Made Simple Hydra-Bounce Eye Gel,24.0,48,3225,3.5,0.5,0,0,0,0,0,0,0,0,0,0,0,1,0,0,0,0,0,0,0,0,0,0,0,0,0,0,0,0,0,0,0,0,0,0,0,0,1.49,7.29,48.0
1769,Peter Thomas Roth,FIRMx‚Ñ¢ 360 Eye Renewal,75.0,2,314,2.5,0.5,0,0,0,0,0,0,0,0,0,0,0,1,0,0,0,0,0,0,0,0,0,0,0,0,0,0,0,0,0,0,0,0,0,0,0,0,0.64,125.0,150.0
1770,Perricone MD,H2 Elemental Energy De-Puffing Eye Gel,75.0,13,1736,3.0769,0.5,0,0,0,0,0,0,0,0,0,0,0,1,0,0,0,0,0,0,0,0,0,0,0,0,0,0,0,0,0,0,0,0,0,0,0,0,0.75,23.67,150.0
1771,Clarins,Enhancing Eye Lift Serum,65.0,10,1307,3.4,0.5,0,0,0,0,0,0,0,0,0,0,0,1,0,0,0,0,0,0,0,0,0,0,0,0,0,0,0,0,0,0,0,0,0,0,0,0,0.77,34.0,130.0
1772,REN Clean Skincare,Vita Mineral‚Ñ¢ Active 7 Eye Gel ,34.0,144,3065,3.7361,0.5,1,0,0,0,0,0,0,0,0,0,0,1,0,0,0,0,0,0,0,0,0,0,0,0,0,0,0,0,0,0,0,0,0,0,0,0,4.7,2.59,68.0
1773,Clarins,Mission Perfection Eye Broad Spectrum SPF 15,50.0,3,378,3.0,0.5,0,0,0,0,0,0,0,0,0,0,0,1,0,0,0,0,0,0,0,0,0,0,0,0,0,0,0,0,0,0,0,0,0,0,0,0,0.79,100.0,100.0
1774,Kate Somerville,KateCeuticals‚Ñ¢ Contouring Eye Serum,125.0,2,1045,3.0,0.5,0,0,0,0,0,0,0,0,0,0,0,1,0,0,0,0,0,0,0,0,0,0,0,0,0,0,0,0,0,0,0,0,0,0,0,0,0.19,150.0,250.0
1775,Eve Lom,Time Retreat Eye Treatment,75.0,13,1590,3.5385,0.5,0,0,0,0,0,0,0,0,0,0,0,1,0,0,0,0,0,0,0,0,0,0,0,0,0,0,0,0,0,0,0,0,0,0,0,0,0.82,27.22,150.0
1776,SEPHORA COLLECTION,Eye Mask,5.0,382,49010,3.9921,0.21,0,0,0,0,0,0,0,0,0,0,0,0,0,0,0,0,0,0,0,0,0,0,0,0,0,0,0,0,0,0,1,0,0,0,0,0,0.78,1.05,23.81
1777,KENZOKI,Belle de Jour Angel Eyes White Lotus Care,71.0,7,398,3.4286,0.5,0,0,0,0,0,0,0,0,0,0,0,1,0,0,0,0,0,0,0,0,0,0,0,0,0,0,0,0,0,0,0,0,0,0,0,0,1.76,48.98,142.0
1778,Yves Saint Laurent,Forever Light Creator Eye Fluid,73.0,7,1154,3.4286,0.5,0,0,0,0,0,0,0,0,0,0,0,1,0,0,0,0,0,0,0,0,0,0,0,0,0,0,0,0,0,0,0,0,0,0,0,0,0.61,48.98,146.0
1779,Origins,Dr. Weil For Origins‚Ñ¢ Mega-Mushroom Skin Relief Eye Serum,50.0,11,2261,4.0,0.5,1,0,0,0,0,0,0,0,0,0,0,1,0,0,0,0,0,0,0,0,0,0,0,0,0,0,0,0,0,0,0,0,0,0,0,0,0.49,36.36,100.0
1780,Klorane,BB Eye Cream with Soothing Cornflower,26.0,21,1625,3.2381,0.5,0,0,0,0,0,0,0,0,0,0,0,1,0,0,0,0,0,0,0,0,0,0,0,0,0,0,0,0,0,0,0,0,0,0,0,0,1.29,15.42,52.0
1782,Guerlain,Abeille Royale Gold Eyetech Eye Sculpt Serum,130.0,13,2659,4.0769,0.5,0,0,0,0,0,0,0,0,0,0,0,1,0,0,0,0,0,0,0,0,0,0,0,0,0,0,0,0,0,0,0,0,0,0,0,0,0.49,31.36,260.0
1783,KENZOKI,Lotus Caress to Moisturize Eyes,35.0,8,606,3.5,0.5,0,0,0,0,0,0,0,0,0,0,0,1,0,0,0,0,0,0,0,0,0,0,0,0,0,0,0,0,0,0,0,0,0,0,0,0,1.32,43.75,70.0
1784,Perricone MD,PRE:EMPT SERIES‚Ñ¢ Brightening Eye Cream,55.0,65,4172,3.4769,0.5,0,0,0,0,0,0,0,0,0,0,0,1,0,0,0,0,0,0,0,0,0,0,0,0,0,0,0,0,0,0,0,0,0,0,0,0,1.56,5.35,110.0
